2918 4890
322 282 326 289 ’
382 312 569 368 uocrnrnn
588 313 775 369 ouooucm
795 314 1068 372 Arosronouuu.
1104 367 1107 372 ,
1208 321 1316 386 XXIX.

153 528 160 538 ,
174 463 211 528 illi
229 471 404 554 scripturam
427 474 591 538 decurtare
614 475 782 538 voluerunt
797 474 944 558 quodque
960 476 1118 558 mandata,
1144 501 1225 562 quae
1241 501 1315 562 par·

173 567 247 637 ticula
259 577 405 657 continet,
421 579 525 642 minus
546 579 585 643 ad
604 580 844 645 catechumenos
861 581 1011 662 quemad
1028 578 1226 647 Christianos
1242 606 1314 666 per-

172 669 248 742 fectos
266 682 422 764 pertinere
443 684 552 766 putari
574 688 756 767 potuerunt.

238 781 266 848 Si
285 787 453 870 particula,
476 789 515 851 de
531 810 593 872 qua
617 789 751 873 agimus,
774 788 913 873 genuina
936 793 993 869 est,
1017 811 1112 854 causa
1126 791 1310 874 principalis

169 884 206 944 est
217 886 317 971 inanis,
336 914 400 975 qua
417 892 545 957 adducti
560 893 696 958 formam
712 893 883 957 Doctrinae
898 894 1005 958 codice
1020 894 1312 979 Constantinopoli-

165 986 225 1052 tano
243 996 390 1061 traditam
413 1019 478 1062 non
501 1000 541 1062 ab
565 1003 692 1064 auctore
715 1000 890 1083 scripturae
905 1000 974 1082 ipso
991 1004 1134 1064 exortam
1149 1024 1216 1065 esse
1231 1024 1312 1065 non-

163 1090 227 1159 mlh·
247 1101 485 1180 contenderunt,
508 1107 604 1187 atque
628 1105 709 1167 ratio
733 1105 817 1168 inter
836 1103 974 1167 diversas
998 1105 1159 1168 doctrinae
1182 1105 1219 1169 de
1234 1106 1313 1168 dua·

161 1189 208 1260 bus
228 1203 282 1268 viis
305 1206 533 1291 descriptiones
556 1209 750 1274 intercedens
773 1208 817 1273 sic
841 1208 1044 1292 exprimenda
1068 1213 1132 1272 est:

617 1330 834 1399 Autographum

330 1503 491 1679 “Barriabas
625 1503 633 1748 i
1173 1506 1179 1678 Ι

526 1749 622 1804 canon
641 1748 727 1802 eccles
769 1687 886 1742 0⁰¹¹⁸ffit
901 1691 990 1759 aPOflt·
1062 1685 1154 1740 Codex
1166 1686 1312 1741 Constant.

155 1777 257 1878 Latinus

228 1939 517 2027 Quomodocunque
541 1947 647 2008 autem
670 1943 748 2007 haec
771 1965 820 2006 res
843 1945 998 2024 sehabet,
1022 1945 1088 2008 sive
1103 1944 1256 2008 Doctrina
1271 1943 1311 2006 ab

150 2047 272 2111 auctore
296 2047 370 2111 talis
393 2049 537 2113 confecta
560 2053 617 2128 est,
641 2049 744 2132 qualis
768 2070 852 2111 nunc
874 2049 1003 2132 legitur,
1026 2049 1091 2112 sive
1114 2049 1185 2131 plus
1208 2048 1312 2111 minus

147 2146 276 2231 diversa,
300 2152 385 2217 haud
409 2153 502 2216 dubie
525 2152 554 2216 ei
576 2152 742 2231 falluntur,
766 2152 821 2235 qui
839 2157 976 2232 censent,
999 2157 1122 2235 partem
1137 2152 1312 2233 scripturae

140 2255 277 2336 priorem
296 2259 380 2341 apud
395 2257 527 2323 Iudaeos
547 2259 586 2322 ad
602 2258 787 2322 erudiendos
803 2258 978 2341 proselytos
994 2256 1179 2334 confectam,
1201 2261 1311 2337 postea

140 2381 213 2424 vero
230 2385 249 2424 a
264 2361 453 2428 Christianis
468 2354 634 2428 sententiis
651 2363 851 2447 evangelicis,
867 2363 1012 2445 inprimis
1026 2363 1080 2440 eis,
1104 2383 1185 2445 quae
1201 2359 1309 2425 Doctr.

140 2462 169 2542 1,
189 2467 458 2553 3-5·leguntur‚
482 2474 607 2533 auctam
631 2473 727 2552 atque
749 2472 872 2552 partem
898 2468 1031 2531 alteram
1054 2465 1207 2528 adiectam
1229 2464 1311 2528 fuis-

136 2592 170 2633 se
182 2570 217 2653 ¹).
256 2572 393 2637 Etiamsi
418 2575 502 2638 enim
528 2574 685 2658 particula
711 2574 738 2652 1,
756 2574 851 2652 3-2,
870 2573 906 2651 1,
931 2572 1027 2636 verba
1054 2571 1121 2632 ἐπεὶ
1148 2569 1176 2631 οἱ
1202 2579 1311 2651 πραεῖς

133 2674 409 2760 κληρονομήσουσι
432 2682 487 2762 τὴν
510 2689 568 2762 γῆν
592 2681 622 2757 3,
648 2680 666 2741 7
691 2701 727 2742 ac
749 2678 903 2741 nonnulla
927 2677 989 2740 alia
1012 2677 1171 2751 delentur,
1203 2678 1310 2739 tamen

134 2783 274 2866 vestigia
307 2782 381 2847 fidei
413 2784 605 2857 christianae
627 2783 879 2847 luculentissima
902 2783 934 2845 in
958 2782 1115 2863 scriptura
1137 2790 1310 2857 remanent,

133 2885 183 2948 ita
209 2891 247 2949 ut
277 2887 390 2972 religio
423 2889 559 2952 auctoris
590 2911 652 2951 non
684 2889 727 2952 sit
759 2888 864 2952 dubia.
910 2887 995 2952 Ante
1018 2885 1124 2950 omnia
1146 2884 1308 2948 exordium

134 2990 181 3072 (1,
199 2990 232 3072 2)
257 3015 293 3055 ex
310 2992 403 3058 Novo
419 2991 623 3058 Testamenta
643 2993 849 3077 repetendum
864 2998 921 3057 est.
960 2992 1030 3055 Hoc
1053 2991 1134 3054 eninr
1160 2989 1310 3052 mandata

134 3142 211 3148 —..>
215 3144 345 3151 ——.—..

209 3220 235 3287 1)
254 3219 339 3273 Primi
357 3220 431 3273 hanc
448 3220 618 3274 sententiam
637 3218 809 3288 proposuisse
827 3216 959 3270 videntur
976 3213 1158 3277 Mass'ebieau,
1176 3214 1205 3267 in
1220 3214 1310 3267 Recue

137 3306 171 3359 de
190 3306 318 3360 t’tcssctoc're
336 3307 380 3360 des
399 3306 537 3376 Relipc'ons
558 3306 624 3359 1884
641 3324 667 3374 p.
687 3307 737 3359 168
755 3305 865 3372 partem
884 3302 1039 3371 scripturae
1057 3305 1171 3357 nostrae
1188 3302 1308 3370 priorem

136 3393 295 3447 doctrinam
315 3394 446 3448 exhibere
463 3394 596 3464 iudicans,
617 3410 688 3461 quae
705 3392 783 3460 prius
802 3391 837 3444 ad
856 3391 1011 3459 proselytos
1029 3390 1153 3444 iudaicos
1172 3405 1255 3456 quam
1273 3389 1309 3440 ad

136 3481 352 3536 catechumenos
371 3482 539 3537 christianos
558 3479 723 3534 erudiendos
742 3478 871 3532 adhibita
890 3481 970 3541 esset,
989 3479 1018 3529 et
1039 3475 1185 3545 Lightfoot
1204 3475 1233 3527 in
1255 3475 1311 3527 The

135 3570 287 3637 Expositor
307 3570 372 3622 1885
390 3587 418 3639 p.
438 3569 454 3622 8
473 3567 618 3631 coniciens,
639 3567 800 3621 Barnabam
820 3568 849 3620 et
869 3568 1011 3620 auctorem
1031 3563 1179 3618 Doctrinae
1199 3564 1309 3630 aposto-

135 3657 227 3711 lorum
246 3655 402 3712 doctrinam
428 3656 462 3709 de
480 3655 588 3709 duabus
606 3654 660 3707 viis
681 3655 847 3722 exponentes
873 3670 905 3707 ex
924 3652 1064 3720 scriptura
1083 3649 1178 3717 aliqua
1197 3647 1309 3700 iudaica

136 3743 266 3797 hausisse.
304 3741 403 3796 Postea
430 3741 559 3795 similiter
584 3743 730 3795 senserunt
754 3740 871 3808 Taylor‚
900 3741 955 3793 The
979 3739 1111 3806 Trachinp
1138 3736 1171 3801 of
1191 3737 1234 3789 tho
1256 3735 1307 3787 Tro.

136 3830 189 3898 Ap.
207 3830 272 3883 with
290 3829 470 3882 illustratione
481 3829 558 3896 from
576 3828 619 3881 tte
635 3827 750 3880 Tntmud
769 3845 795 3895 p.
809 3827 839 3879 21
855 3844 903 3894 sq„
925 3825 1094 3894 scripturam
1112 3822 1250 3876 iudaicam
1272 3822 1308 3874 ad

137 3918 277 3970 saeculum
298 3919 364 3970 ante
389 3915 432 3970 vel
457 3917 520 3984 post
539 3914 682 3967 Christum
701 3916 801 3968 natum
819 3914 941 3982 primum
960 3912 1096 3974 referens;
1121 3909 1232 3973 HarriS,
1254 3908 1310 3960 The

140 4003 270 4072 Tenctinp
290 4003 322 4071 of
337 4004 380 4056 tte
397 4003 449 4070 Ap.
462 4002 519 4055 und
535 4001 579 4054 the
597 4000 728 4069 Sibyllina
743 4001 835 4053 Bootes
852 4018 878 4067 p.
893 3999 926 4052 25
934 4022 940 4064 ;
961 3999 1100 4062 Hamadr,
1119 3997 1174 4049 Dc'e
1185 3996 1306 4064 Apostol-

137 4090 207 4144 tehrc
224 4090 282 4144 und
299 4090 341 4143 dic
355 4090 495 4156 jc'tdc'scterc
513 4088 604 4142 baden
629 4088 707 4157 chc
723 4107 750 4156 p.
764 4089 797 4140 27
811 4105 870 4156 sqq.
908 4087 1039 4141 Harnack
1057 4105 1083 4155 p.
1097 4085 1201 4139 52-59
1221 4082 1307 4136 etiam

137 4179 246 4232 textum
266 4177 420 4247 scripturae
438 4177 564 4230 iudaicae
583 4176 730 4230 restituere
755 4178 871 4230 conatus
899 4178 940 4229 est
965 4176 992 4228 et
1021 4191 1047 4241 p.
1067 4174 1100 4226 32
1119 4171 1170 4226 hoc
1189 4172 1308 4224 stemma

136 4264 301 4321 construxit:
