2918 4890
244 392 246 397 ·
343 373 529 430 Docrulnn
547 376 733 431 DUODECIM
751 376 1022 431 Arosrononuu.
1229 384 1276 449 IX

92 540 130 600 et
152 535 185 615 4,
205 536 242 598 l:
266 542 322 595 τοῦ
346 531 515 606 λαλοῦντός
539 553 586 595 σοι
608 535 661 595 τὸν
678 533 771 618 λόγον
787 543 841 597 τοῦ
858 536 937 598 θεοῦ
962 538 1126 624 μνησθήσῃ
1150 540 1220 604 κτλ.
1237 542 1274 625 1).

189 638 369 723 Bryennius
392 637 518 721 quidem
550 638 712 702 nonnullis
735 642 981 705 assentientibus
1004 646 1182 724 contendit,
1210 669 1275 710 non

94 745 282 809 Barnabam
306 741 509 820 Doctrinam,
541 741 595 804 sed
618 740 712 805 huius
736 746 896 808 auctorem
918 745 1006 810 illius
1030 748 1199 830 epistulam
1221 772 1275 813 ex-

97 849 273 934 scripsisse,
298 851 330 911 et
352 846 504 910 Hamaclr
526 846 609 910 hanc
631 848 820 911 sententiam
836 854 954 914 rectam
972 873 1038 915 esse
1053 852 1126 916 inde
1141 855 1276 937 probare

97 958 234 1020 conatus
250 956 307 1033 est,
336 952 369 1035 1)
388 949 471 1035 quod
487 949 658 1013 difficulter
673 950 743 1033 quis
763 951 912 1031 crederet,
937 952 1128 1035 Barnabam,
1152 957 1180 1019 si
1195 962 1277 1021 esset

98 1059 271 1144 posterior,
295 1055 402 1120 omnia
424 1055 508 1119 dicta
523 1053 715 1138 evangelica,
740 1058 925 1138 praesertim
951 1058 979 1137 1,
996 1060 1091 1139 3-6,
1116 1065 1148 1124 et
1163 1062 1277 1125 sectio·

97 1186 177 1229 nem
190 1161 315 1242 3,1-6
331 1160 472 1224 omisisse
485 1163 517 1223 et
529 1158 669 1222 ordinem
680 1161 908 1225 sententiarum
917 1169 1171 1245 consentaneum,
1184 1188 1277 1248 quem

98 1268 257 1333 Doctrina
273 1265 445 1344 exhiberet,
469 1263 564 1348 plane
579 1265 741 1342 turbasse3
766 1265 800 1347 2)
823 1266 907 1350 quod
922 1290 986 1332 non
1002 1274 1083 1333 esset
1098 1270 1277 1350 verisimile,

101 1373 288 1439 Barnabam
312 1393 329 1435 e
352 1370 455 1453 capite
477 1367 565 1448 XVI,
590 1367 706 1452 quippe
729 1369 813 1452 quod
836 1374 917 1434 esset
939 1372 1122 1454 compilatio
1145 1396 1184 1438 ex
1199 1375 1278 1439 locis

101 1478 231 1543 biblicis
255 1480 287 1539 et
310 1473 482 1539 traditione
505 1473 543 1536 de
566 1471 767 1536 Antichristo
790 1473 884 1554 facta,
909 1497 978 1539 eam
1000 1478 1189 1542 sententiam
1214 1481 1278 1543 ele-

100 1585 199 1670 gisse,
223 1602 303 1666 quae
326 1580 393 1644 sola
416 1577 553 1641 auctoris
569 1576 740 1641 Doctrinae
762 1599 829 1642 esse
844 1579 1022 1657 videretur;
1047 1583 1080 1660 3)
1100 1583 1183 1666 quod
1199 1582 1278 1646 Bar-

101 1689 205 1752 nabas
235 1686 305 1749 loco
337 1705 434 1767 supra
464 1681 593 1745 laudato
615 1681 711 1745 finem
734 1683 842 1746 mundi
872 1689 945 1749 ante
967 1690 1093 1769 portam
1117 1710 1183 1752 esse
1206 1710 1280 1752 voce

102 1801 158 1855 νῦν
182 1791 345 1866 indicaret,
373 1811 445 1852 cum
467 1787 501 1849 in
523 1785 677 1849 Doctrina
699 1786 776 1850 haec
799 1810 860 1850 vox
883 1789 1004 1853 deesset
1016 1788 1053 1873 ²).
1100 1789 1160 1855 Sed
1184 1793 1280 1855 etiam

102 1897 208 1962 multo
231 1893 392 1959 difficilius
424 1896 471 1956 est
494 1893 533 1956 ad
556 1892 757 1971 credendum,
791 1893 976 1975 scriptorem
1009 1896 1085 1959 adeo
1108 1895 1279 1977 sollertem,

107 2002 166 2086 qui
189 2001 223 2064 in
246 1998 457 2064 describendis
473 1998 595 2062 duabus
611 1998 671 2061 viis
692 2020 730 2061 ex
746 1997 816 2060 rudi
832 1983 1052 2082 indigestaque
1069 2002 1161 2080 mole,
1185 2022 1280 2085 quam

108 2105 276 2171 Barnabas
300 2103 420 2166 dedisse
441 2103 589 2185 ponitur,
622 2102 796 2166 miraeum
819 2106 887 2166 arte
910 2126 988 2186 opus
1012 2106 1131 2188 optime
1154 2129 1281 2190 compo·

107 2213 208 2277 situm
232 2208 380 2284 efficeret,
404 2207 577 2270 sententias
599 2207 665 2270 fere
688 2229 795 2270 omnes
819 2207 858 2270 ab
883 2207 945 2271 alio
964 2213 1145 2295 mutuatum
1161 2233 1227 2274 esse
1250 2215 1282 2274 et

107 2317 231 2382 librum
254 2313 299 2377 sic
321 2312 533 2395 conscriptum
554 2313 682 2395 insuper
698 2311 883 2376 Doctrinam
901 2313 1113 2396 apostolorum
1132 2314 1182 2378 vel
1197 2315 1281 2379 Doc-

103 2421 230 2509 trinam
253 2417 383 2481 Domini
405 2438 461 2498 per
483 2417 643 2500 apostolos
666 2417 815 2500 gentibus
833 2417 984 2481 traditam
1001 2419 1183 2501 appellasse.
1216 2417 1280 2482 Ac-

107 2525 210 2603 cedit,
244 2522 327 2606 quod
358 2521 532 2585 sententiae
564 2521 683 2585 multae
710 2521 742 2583 in
766 2521 933 2585 Barnabae
965 2522 1101 2604 epistula
1130 2544 1166 2586 eo
1190 2523 1283 2587 modo

107 2630 253 2714 digestae
275 2629 368 2703 sunt,
403 2646 465 2707 quo
488 2625 528 2688 ab
552 2628 680 2688 auctore
702 2624 771 2708 ipso
793 2626 955 2708 peninon
977 2629 1158 2709 potuerunt.
1205 2625 1284 2691 Sen-

108 2733 213 2800 tentia
236 2729 407 2796 Doctrinae
430 2729 461 2808 4,
486 2730 613 2793 12--13
644 2729 726 2812 apud
751 2729 932 2793 Barnabam
959 2729 1006 2792 ita
1037 2729 1194 2813 discerpta
1225 2734 1283 2809 est,

109 2843 148 2902 ut
171 2837 269 2902 verba
291 2831 453 2917 φυλάξεις,
478 2832 498 2893 ἃ
520 2830 715 2916 παρέλαβες,
740 2831 817 2915 μήτε
840 2832 1019 2914 προστιθεὶς
1043 2832 1120 2915 μήτε
1143 2833 1284 2916 ἀφαιρῶν

110 2943 166 3007 vix
189 2937 421 3023 comprehendi,
440 2935 571 3019 possint.
618 2933 772 2998 Similiter
805 2957 885 3018 quae
908 2935 1061 3000 Doctrina
1084 2938 1114 3016 4,
1139 2937 1223 2999 5-s
1247 2937 1285 3000 de

111 3047 228 3111 officiis
251 3041 393 3107 caritatis
416 3061 493 3123 ergo
515 3039 694 3122 proximum
718 3042 801 3103 recte
823 3039 976 3121 disposita
991 3041 1128 3120 exhibet,
1153 3062 1189 3104 ea
1205 3040 1285 3103 Bar-

111 3153 212 3216 nabas
237 3150 304 3232 (19,
321 3146 441 3226 8-11)
466 3145 512 3207 ita
528 3143 668 3223 divulsit,
693 3147 728 3206 ut
750 3143 834 3207 hunc
856 3165 922 3206 esse
939 3145 1176 3227 compilatorem
1193 3143 1285 3208 facile

111 3256 295 3342 perspicias.
334 3252 411 3316 Cum
434 3250 589 3314 Doctrina
613 3251 679 3327 3,9
703 3272 798 3332 porro
821 3249 971 3312 mandata
994 3249 1053 3330 οὐχ
1077 3246 1210 3329 ὑψώσεις
1234 3270 1284 3311 σε·

112 3361 208 3425 αυτόν
231 3364 263 3424 et
286 3360 322 3421 οὐ
347 3356 455 3432 δώσεις
479 3367 516 3442 τῇ
534 3357 619 3441 ψυχῇ
644 3379 699 3419 σου
717 3356 836 3440 θράσος
860 3357 939 3420 bene
955 3357 1038 3420 inter
1054 3378 1087 3419 se
1102 3356 1286 3439 coniungat,

113 3466 280 3532 Barnabas
303 3464 368 3546 (19,
384 3463 418 3543 3)
442 3485 478 3527 ea
493 3463 609 3527 iterum
625 3467 760 3545 separat,
785 3462 847 3525 alia
863 3462 907 3525 eis
923 3459 1151 3524 intermiscens.
1194 3458 1287 3523 Prae-

113 3578 201 3637 terea
224 3572 297 3654 post
321 3569 380 3651 οὐχ
404 3566 539 3648 ὑψώσεις
563 3566 693 3629 σεαυτόν
717 3566 821 3630 addit:
846 3567 902 3650 ἔσῃ
926 3565 959 3628 δὲ
976 3564 1188 3646 ταπεινὸφρων
1205 3566 1289 3625 κατὰ

114 3676 226 3756 πάντα,
251 3696 331 3759 quae
354 3673 451 3737 verba
473 3674 612 3758 glossam
635 3673 851 3756 compilatoris
874 3694 941 3736 esse
963 3669 1120 3734 neminem
1144 3668 1287 3753 effugiat.

115 3781 227 3846 Plures
251 3779 385 3863 denique
407 3778 582 3842 sententiae
615 3778 721 3862 potius
745 3801 764 3841 a
787 3778 936 3840 Barnaba
960 3774 1171 3858 amplificatae
1193 3795 1288 3856 quarn

116 3887 156 3950 ab
186 3888 316 3948 auctore
347 3883 518 3948 Doctrinae
552 3868 739 3945 decurtatae⁴
763 3903 829 3945 esse
862 3879 1020 3946 videntur.
1066 3877 1112 3940 ef.
1143 3876 1288 3959 inprimis

118 3989 215 4053 Barn.
241 3988 292 4067 19,
317 3989 411 4053 1-2.
457 3986 545 4062 Quae
566 4008 638 4050 cum
660 3987 706 4050 ita
729 3987 802 4065 sint,
827 3977 1185 4068 reliquis'argumentis,
1210 4002 1290 4063 quae

185 4108 213 4213 i)
232 4106 281 4197 cf(
295 4106 487 4198 ricemer
506 4142 611 4196 necno
628 4140 675 4203 n,
695 4141 737 4193 es.

189 4234 217 4302 2)
236 4231 275 4285 cf.
298 4231 353 4286 Dte
370 4232 457 4286 chrc
474 4230 520 4285 der
537 4228 620 4297 arnolf
628 4228 739 4296 Apostcl
756 4245 783 4296 p.
797 4225 914 4290 81-87;
933 4222 1064 4278 ast-ss.
1100 4221 1156 4274 Die
1168 4221 1290 4291 Apostol-

119 4320 189 4374 lcbrc
206 4336 233 4390 p.
254 4321 363 4374 11-13.
