<?xml version="1.0" encoding="UTF-8"?>
<!DOCTYPE html PUBLIC "-//W3C//DTD XHTML 1.0 Transitional//EN"
    "http://www.w3.org/TR/xhtml1/DTD/xhtml1-transitional.dtd">
<html xmlns="http://www.w3.org/1999/xhtml" xml:lang="en" lang="en">
 <head>
  <title>
</title>
<meta http-equiv="Content-Type" content="text/html;charset=utf-8" />
  <meta name='ocr-system' content='tesseract 3.04.00' />
  <meta name='ocr-capabilities' content='ocr_page ocr_carea ocr_par ocr_line ocrx_word'/>
</head>
<body>
  <div class='ocr_page' id='page_1' title='image "./doctrinaduodeci00funkgoog_0073.png"; bbox 0 0 2918 4890; ppageno 0'>
   <div class='ocr_carea' id='block_1_1' title="bbox 176 288 909 355">
    <p class='ocr_par' dir='ltr' id='par_1_1' title="bbox 176 288 909 355">
     <span class='ocr_line' id='line_1_1' title="bbox 176 288 909 355; baseline 0.008 -16"><span class='ocrx_word' id='word_1_1' title='bbox 176 291 232 355; x_wconf 80' lang='lat' dir='ltr'><strong>LX</strong></span> <span class='ocrx_word' id='word_1_2' title='bbox 625 288 909 346; x_wconf 79' lang='lat' dir='ltr'><strong>rsonnsonnm.</strong></span> 
     </span>
    </p>
   </div>
   <div class='ocr_carea' id='block_1_2' title="bbox 178 447 1427 3471">
    <p class='ocr_par' dir='ltr' id='par_1_2' title="bbox 178 447 1404 2296">
     <span class='ocr_line' id='line_1_2' title="bbox 179 447 1361 535; baseline 0.001 -22"><span class='ocrx_word' id='word_1_3' title='bbox 179 450 369 513; x_wconf 85' lang='lat' dir='ltr'><strong>miarianum</strong></span> <span class='ocrx_word' id='word_1_4' title='bbox 392 453 542 533; x_wconf 89' lang='lat' dir='ltr'><strong>putantes</strong></span> <span class='ocrx_word' id='word_1_5' title='bbox 566 448 690 513; x_wconf 90' lang='lat' dir='ltr'><strong>saeculo</strong></span> <span class='ocrx_word' id='word_1_6' title='bbox 705 447 753 514; x_wconf 90' lang='lat' dir='ltr'><strong>IV</strong></span> <span class='ocrx_word' id='word_1_7' title='bbox 769 451 872 515; x_wconf 90' lang='lat' dir='ltr'><strong>medio</strong></span> <span class='ocrx_word' id='word_1_8' title='bbox 897 451 1058 535; x_wconf 84' lang='lat' dir='ltr'><strong>scripsisse</strong></span> <span class='ocrx_word' id='word_1_9' title='bbox 1081 453 1231 517; x_wconf 85' lang='lat' dir='ltr'><strong>iudicant.</strong></span> <span class='ocrx_word' id='word_1_10' title='bbox 1270 450 1361 516; x_wconf 89' lang='lat' dir='ltr'><strong>Har-</strong></span> 
     </span>
     <span class='ocr_line' id='line_1_3' title="bbox 179 553 1360 640; baseline 0.001 -22"><span class='ocrx_word' id='word_1_11' title='bbox 179 555 261 618; x_wconf 85' lang='lat' dir='ltr'><strong>nack</strong></span> <span class='ocrx_word' id='word_1_12' title='bbox 285 576 356 618; x_wconf 91' lang='lat' dir='ltr'><strong>eum</strong></span> <span class='ocrx_word' id='word_1_13' title='bbox 388 554 427 617; x_wconf 90' lang='lat' dir='ltr'><strong>ad</strong></span> <span class='ocrx_word' id='word_1_14' title='bbox 451 575 551 617; x_wconf 86' lang='lat' dir='ltr'><strong>annos</strong></span> <span class='ocrx_word' id='word_1_15' title='bbox 574 553 746 618; x_wconf 77' lang='lat'>340-380</span> <span class='ocrx_word' id='word_1_16' title='bbox 776 555 826 620; x_wconf 85' lang='lat' dir='ltr'><strong>vel</strong></span> <span class='ocrx_word' id='word_1_17' title='bbox 856 557 963 640; x_wconf 92' lang='lat' dir='ltr'><strong>potius</strong></span> <span class='ocrx_word' id='word_1_18' title='bbox 997 558 1169 622; x_wconf 80' lang='lat'>340-343</span> <span class='ocrx_word' id='word_1_19' title='bbox 1198 555 1360 640; x_wconf 87' lang='lat' dir='ltr'><strong>retulit¹).</strong></span> 
     </span>
     <span class='ocr_line' id='line_1_4' title="bbox 179 658 1362 744; baseline 0 -22"><span class='ocrx_word' id='word_1_20' title='bbox 179 658 332 723; x_wconf 78' lang='lat' dir='ltr'><strong>Rationes</strong></span> <span class='ocrx_word' id='word_1_21' title='bbox 355 679 440 736; x_wconf 81' lang='lat' dir='ltr'><strong>vero,</strong></span> <span class='ocrx_word' id='word_1_22' title='bbox 465 658 580 741; x_wconf 90' lang='lat' dir='ltr'><strong>quibus</strong></span> <span class='ocrx_word' id='word_1_23' title='bbox 596 658 788 723; x_wconf 88' lang='lat' dir='ltr'><strong>sententiam</strong></span> <span class='ocrx_word' id='word_1_24' title='bbox 810 661 946 744; x_wconf 88' lang='lat' dir='ltr'><strong>probare</strong></span> <span class='ocrx_word' id='word_1_25' title='bbox 970 661 1103 740; x_wconf 89' lang='lat' dir='ltr'><strong>studuit,</strong></span> <span class='ocrx_word' id='word_1_26' title='bbox 1127 682 1191 725; x_wconf 94' lang='lat' dir='ltr'><strong>non</strong></span> <span class='ocrx_word' id='word_1_27' title='bbox 1207 659 1285 724; x_wconf 85' lang='lat' dir='ltr'><strong>satis</strong></span> <span class='ocrx_word' id='word_1_28' title='bbox 1302 659 1362 723; x_wconf 87' lang='lat' dir='ltr'><strong>fir·</strong></span> 
     </span>
     <span class='ocr_line' id='line_1_5' title="bbox 178 761 1361 850; baseline 0.002 -23"><span class='ocrx_word' id='word_1_29' title='bbox 178 787 247 828; x_wconf 90' lang='lat' dir='ltr'><strong>mae</strong></span> <span class='ocrx_word' id='word_1_30' title='bbox 270 767 354 827; x_wconf 88' lang='lat' dir='ltr'><strong>sunt.</strong></span> <span class='ocrx_word' id='word_1_31' title='bbox 400 761 479 826; x_wconf 84' lang='lat' dir='ltr'><strong>Oum</strong></span> <span class='ocrx_word' id='word_1_32' title='bbox 501 763 535 826; x_wconf 91' lang='lat' dir='ltr'><strong>in</strong></span> <span class='ocrx_word' id='word_1_33' title='bbox 558 763 713 847; x_wconf 91' lang='lat' dir='ltr'><strong>symbolo,</strong></span> <span class='ocrx_word' id='word_1_34' title='bbox 741 765 826 848; x_wconf 91' lang='lat' dir='ltr'><strong>quod</strong></span> <span class='ocrx_word' id='word_1_35' title='bbox 849 763 923 844; x_wconf 85' lang='lat' dir='ltr'><strong>VH,</strong></span> <span class='ocrx_word' id='word_1_36' title='bbox 940 765 979 828; x_wconf 83' lang='lat'><strong>41</strong></span> <span class='ocrx_word' id='word_1_37' title='bbox 1005 765 1144 850; x_wconf 82' lang='lat' dir='ltr'><strong>legitur,</strong></span> <span class='ocrx_word' id='word_1_38' title='bbox 1167 764 1297 829; x_wconf 90' lang='lat' dir='ltr'><strong>uberius</strong></span> <span class='ocrx_word' id='word_1_39' title='bbox 1322 763 1361 829; x_wconf 89' lang='lat' dir='ltr'><strong>de</strong></span> 
     </span>
     <span class='ocr_line' id='line_1_6' title="bbox 180 867 1359 955; baseline -0.001 -23"><span class='ocrx_word' id='word_1_40' title='bbox 180 868 309 933; x_wconf 81' lang='lat' dir='ltr'><strong>Christo</strong></span> <span class='ocrx_word' id='word_1_41' title='bbox 333 872 458 952; x_wconf 80' lang='lat' dir='ltr'><strong>agatur,</strong></span> <span class='ocrx_word' id='word_1_42' title='bbox 482 867 696 953; x_wconf 82' lang='lat' dir='ltr'><strong>colligendum</strong></span> <span class='ocrx_word' id='word_1_43' title='bbox 719 891 786 933; x_wconf 87' lang='lat' dir='ltr'><strong>esse</strong></span> <span class='ocrx_word' id='word_1_44' title='bbox 805 871 937 950; x_wconf 90' lang='lat' dir='ltr'><strong>censuit,</strong></span> <span class='ocrx_word' id='word_1_45' title='bbox 960 876 1102 955; x_wconf 91' lang='lat' dir='ltr'><strong>tempore</strong></span> <span class='ocrx_word' id='word_1_46' title='bbox 1117 868 1359 954; x_wconf 74' lang='lat' dir='ltr'><strong>interpolatoris</strong></span> 
     </span>
     <span class='ocr_line' id='line_1_7' title="bbox 178 972 1361 1055; baseline 0.001 -18"><span class='ocrx_word' id='word_1_47' title='bbox 178 974 426 1038; x_wconf 82' lang='lat' dir='ltr'><strong>controversiam</strong></span> <span class='ocrx_word' id='word_1_48' title='bbox 442 972 596 1038; x_wconf 87' lang='lat' dir='ltr'><strong>Arianam</strong></span> <span class='ocrx_word' id='word_1_49' title='bbox 623 974 673 1038; x_wconf 81' lang='lat' dir='ltr'><strong>vel</strong></span> <span class='ocrx_word' id='word_1_50' title='bbox 689 972 863 1038; x_wconf 86' lang='lat' dir='ltr'><strong>Nicaenam</strong></span> <span class='ocrx_word' id='word_1_51' title='bbox 883 978 947 1039; x_wconf 90' lang='lat' dir='ltr'><strong>iam</strong></span> <span class='ocrx_word' id='word_1_52' title='bbox 973 980 1116 1040; x_wconf 87' lang='lat' dir='ltr'><strong>exortam</strong></span> <span class='ocrx_word' id='word_1_53' title='bbox 1137 975 1245 1055; x_wconf 86' lang='lat' dir='ltr'><strong>fuisse,</strong></span> <span class='ocrx_word' id='word_1_54' title='bbox 1268 996 1361 1038; x_wconf 92' lang='lat' dir='ltr'><strong>cum-</strong></span> 
     </span>
     <span class='ocr_line' id='line_1_8' title="bbox 178 1077 1360 1163; baseline 0 -22"><span class='ocrx_word' id='word_1_55' title='bbox 178 1101 239 1162; x_wconf 90' lang='lat' dir='ltr'><strong>que</strong></span> <span class='ocrx_word' id='word_1_56' title='bbox 262 1077 439 1163; x_wconf 91' lang='lat' dir='ltr'><strong>symbolum</strong></span> <span class='ocrx_word' id='word_1_57' title='bbox 466 1099 573 1142; x_wconf 87' lang='lat' dir='ltr'><strong>vocem</strong></span> <span class='ocrx_word' id='word_1_58' title='bbox 596 1077 761 1160; x_wconf 78' lang='grc' dir='ltr'>ὁμοούσιος</span> <span class='ocrx_word' id='word_1_59' title='bbox 787 1100 851 1142; x_wconf 92' lang='lat' dir='ltr'><strong>non</strong></span> <span class='ocrx_word' id='word_1_60' title='bbox 874 1079 1054 1161; x_wconf 89' lang='lat' dir='ltr'><strong>contineat,</strong></span> <span class='ocrx_word' id='word_1_61' title='bbox 1079 1079 1227 1144; x_wconf 74' lang='lat' dir='ltr'><strong>exhibeat</strong></span> <span class='ocrx_word' id='word_1_62' title='bbox 1249 1082 1360 1143; x_wconf 87' lang='lat' dir='ltr'><strong>autern</strong></span> 
     </span>
     <span class='ocr_line' id='line_1_9' title="bbox 178 1182 1360 1268; baseline -0.002 -20"><span class='ocrx_word' id='word_1_63' title='bbox 178 1184 275 1248; x_wconf 85' lang='lat' dir='ltr'><strong>verba</strong></span> <span class='ocrx_word' id='word_1_64' title='bbox 298 1184 333 1245; x_wconf 82' lang='grc' dir='ltr'><strong>οὔ</strong></span> <span class='ocrx_word' id='word_1_65' title='bbox 350 1191 405 1267; x_wconf 78' lang='grc' dir='ltr'><strong>τῆς</strong></span> <span class='ocrx_word' id='word_1_66' title='bbox 421 1182 580 1268; x_wconf 75' lang='grc' dir='ltr'>βασιλείας</span> <span class='ocrx_word' id='word_1_67' title='bbox 599 1184 659 1244; x_wconf 86' lang='grc' dir='ltr'><strong>οὐκ</strong></span> <span class='ocrx_word' id='word_1_68' title='bbox 677 1183 763 1245; x_wconf 76' lang='grc' dir='ltr'>ἔσται</span> <span class='ocrx_word' id='word_1_69' title='bbox 779 1182 879 1263; x_wconf 80' lang='grc' dir='ltr'>τέλος,</span> <span class='ocrx_word' id='word_1_70' title='bbox 904 1207 985 1268; x_wconf 87' lang='lat' dir='ltr'><strong>quae</strong></span> <span class='ocrx_word' id='word_1_71' title='bbox 1000 1184 1148 1263; x_wconf 83' lang='lat' dir='ltr'><strong>formula,</strong></span> <span class='ocrx_word' id='word_1_72' title='bbox 1172 1184 1360 1266; x_wconf 81' lang='lat' dir='ltr'><strong>ceteroquin</strong></span> 
     </span>
     <span class='ocr_line' id='line_1_10' title="bbox 179 1287 1360 1374; baseline -0.001 -21"><span class='ocrx_word' id='word_1_73' title='bbox 179 1290 250 1353; x_wconf 87' lang='lat' dir='ltr'><strong>aliis</strong></span> <span class='ocrx_word' id='word_1_74' title='bbox 274 1290 378 1353; x_wconf 89' lang='lat' dir='ltr'><strong>verbis</strong></span> <span class='ocrx_word' id='word_1_75' title='bbox 402 1312 567 1373; x_wconf 83' lang='lat' dir='ltr'><strong>expressa,</strong></span> <span class='ocrx_word' id='word_1_76' title='bbox 596 1289 735 1372; x_wconf 90' lang='lat' dir='ltr'><strong>primum</strong></span> <span class='ocrx_word' id='word_1_77' title='bbox 763 1290 797 1353; x_wconf 95' lang='lat' dir='ltr'><strong>in</strong></span> <span class='ocrx_word' id='word_1_78' title='bbox 820 1291 972 1374; x_wconf 85' lang='lat' dir='ltr'><strong>symbolis</strong></span> <span class='ocrx_word' id='word_1_79' title='bbox 999 1290 1112 1374; x_wconf 85' lang='lat' dir='ltr'><strong>synodi</strong></span> <span class='ocrx_word' id='word_1_80' title='bbox 1138 1287 1360 1353; x_wconf 77' lang='lat' dir='ltr'><strong>Antiochense</strong></span> 
     </span>
     <span class='ocr_line' id='line_1_11' title="bbox 181 1392 1359 1480; baseline -0.002 -22"><span class='ocrx_word' id='word_1_81' title='bbox 181 1418 208 1460; x_wconf 88' lang='lat' dir='ltr'><strong>a.</strong></span> <span class='ocrx_word' id='word_1_82' title='bbox 227 1395 288 1458; x_wconf 84' lang='lat'><strong>341</strong></span> <span class='ocrx_word' id='word_1_83' title='bbox 313 1398 445 1478; x_wconf 86' lang='lat' dir='ltr'><strong>apparet</strong></span> <span class='ocrx_word' id='word_1_84' title='bbox 468 1397 500 1458; x_wconf 91' lang='lat' dir='ltr'><strong>et</strong></span> <span class='ocrx_word' id='word_1_85' title='bbox 515 1392 703 1458; x_wconf 87' lang='lat' dir='ltr'><strong>Marcellum</strong></span> <span class='ocrx_word' id='word_1_86' title='bbox 720 1394 927 1480; x_wconf 88' lang='lat' dir='ltr'><strong>Ancyranum</strong></span> <span class='ocrx_word' id='word_1_87' title='bbox 943 1397 1097 1480; x_wconf 80' lang='lat' dir='ltr'><strong>respicere</strong></span> <span class='ocrx_word' id='word_1_88' title='bbox 1112 1398 1255 1479; x_wconf 89' lang='lat' dir='ltr'><strong>putatur,</strong></span> <span class='ocrx_word' id='word_1_89' title='bbox 1279 1415 1359 1456; x_wconf 91' lang='lat' dir='ltr'><strong>con·</strong></span> 
     </span>
     <span class='ocr_line' id='line_1_12' title="bbox 179 1498 1360 1590; baseline -0.001 -28"><span class='ocrx_word' id='word_1_90' title='bbox 179 1500 301 1578; x_wconf 88' lang='lat' dir='ltr'><strong>tendit,</strong></span> <span class='ocrx_word' id='word_1_91' title='bbox 325 1499 506 1584; x_wconf 88' lang='lat' dir='ltr'><strong>symbolum</strong></span> <span class='ocrx_word' id='word_1_92' title='bbox 529 1498 675 1563; x_wconf 89' lang='lat' dir='ltr'><strong>formulis</strong></span> <span class='ocrx_word' id='word_1_93' title='bbox 698 1499 794 1564; x_wconf 88' lang='lat' dir='ltr'><strong>huius</strong></span> <span class='ocrx_word' id='word_1_94' title='bbox 817 1501 930 1586; x_wconf 85' lang='lat' dir='ltr'><strong>synodi</strong></span> <span class='ocrx_word' id='word_1_95' title='bbox 953 1505 985 1565; x_wconf 91' lang='lat' dir='ltr'><strong>et</strong></span> <span class='ocrx_word' id='word_1_96' title='bbox 1009 1524 1042 1566; x_wconf 91' lang='lat' dir='ltr'><strong>re</strong></span> <span class='ocrx_word' id='word_1_97' title='bbox 1064 1504 1096 1565; x_wconf 91' lang='lat' dir='ltr'><strong>et</strong></span> <span class='ocrx_word' id='word_1_98' title='bbox 1117 1503 1260 1583; x_wconf 91' lang='lat' dir='ltr'><strong>tempore</strong></span> <span class='ocrx_word' id='word_1_99' title='bbox 1281 1520 1360 1590; x_wconf 85' lang='lat' dir='ltr'><strong>pro-</strong></span> 
     </span>
     <span class='ocr_line' id='line_1_13' title="bbox 179 1600 1359 1690; baseline -0.001 -23"><span class='ocrx_word' id='word_1_100' title='bbox 179 1604 334 1687; x_wconf 91' lang='lat' dir='ltr'><strong>pinquum</strong></span> <span class='ocrx_word' id='word_1_101' title='bbox 359 1625 435 1667; x_wconf 90' lang='lat' dir='ltr'><strong>esse.</strong></span> <span class='ocrx_word' id='word_1_102' title='bbox 473 1600 519 1666; x_wconf 86' lang='lat' dir='ltr'><strong>At</strong></span> <span class='ocrx_word' id='word_1_103' title='bbox 541 1603 579 1666; x_wconf 92' lang='lat' dir='ltr'><strong>de</strong></span> <span class='ocrx_word' id='word_1_104' title='bbox 595 1602 723 1668; x_wconf 80' lang='lat' dir='ltr'><strong>Christo</strong></span> <span class='ocrx_word' id='word_1_105' title='bbox 746 1627 810 1669; x_wconf 92' lang='lat' dir='ltr'><strong>non</strong></span> <span class='ocrx_word' id='word_1_106' title='bbox 834 1605 939 1670; x_wconf 87' lang='lat' dir='ltr'><strong>minus</strong></span> <span class='ocrx_word' id='word_1_107' title='bbox 955 1606 1080 1690; x_wconf 83' lang='lat' dir='ltr'><strong>copiose</strong></span> <span class='ocrx_word' id='word_1_108' title='bbox 1095 1606 1160 1669; x_wconf 88' lang='lat' dir='ltr'><strong>iam</strong></span> <span class='ocrx_word' id='word_1_109' title='bbox 1174 1603 1359 1690; x_wconf 89' lang='lat' dir='ltr'><strong>symbolum</strong></span> 
     </span>
     <span class='ocr_line' id='line_1_14' title="bbox 180 1707 1404 1798; baseline 0 -26"><span class='ocrx_word' id='word_1_110' title='bbox 180 1708 310 1773; x_wconf 83' lang='lat' dir='ltr'><strong>Luciani</strong></span> <span class='ocrx_word' id='word_1_111' title='bbox 342 1709 493 1793; x_wconf 87' lang='lat' dir='ltr'><strong>martyris</strong></span> <span class='ocrx_word' id='word_1_112' title='bbox 525 1708 594 1793; x_wconf 83' lang='lat' dir='ltr'><strong>agit</strong></span> <span class='ocrx_word' id='word_1_113' title='bbox 608 1707 644 1792; x_wconf 70' lang='lat'><strong>2).</strong></span> <span class='ocrx_word' id='word_1_114' title='bbox 691 1710 799 1776; x_wconf 86' lang='lat' dir='ltr'><strong>Verba</strong></span> <span class='ocrx_word' id='word_1_115' title='bbox 829 1713 865 1774; x_wconf 82' lang='grc' dir='ltr'><strong>οὔ</strong></span> <span class='ocrx_word' id='word_1_116' title='bbox 896 1721 950 1796; x_wconf 77' lang='grc' dir='ltr'><strong>τῆς</strong></span> <span class='ocrx_word' id='word_1_117' title='bbox 974 1710 1132 1798; x_wconf 76' lang='grc' dir='ltr'>βασιλείας</span> <span class='ocrx_word' id='word_1_118' title='bbox 1154 1708 1224 1772; x_wconf 82' lang='grc' dir='ltr'><strong>κτλ.</strong></span> <span class='ocrx_word' id='word_1_119' title='bbox 1249 1711 1360 1773; x_wconf 91' lang='lat' dir='ltr'><strong>autem</strong></span> <span class='ocrx_word' id='word_1_120' title='bbox 1401 1722 1404 1726; x_wconf 83' lang='lat'>&#39;</span> 
     </span>
     <span class='ocr_line' id='line_1_15' title="bbox 182 1812 1361 1891; baseline -0.002 -13"><span class='ocrx_word' id='word_1_121' title='bbox 182 1836 246 1878; x_wconf 91' lang='lat' dir='ltr'><strong>non</strong></span> <span class='ocrx_word' id='word_1_122' title='bbox 269 1815 372 1878; x_wconf 90' lang='lat' dir='ltr'><strong>solum</strong></span> <span class='ocrx_word' id='word_1_123' title='bbox 394 1812 564 1891; x_wconf 83' lang='lat' dir='ltr'><strong>Marcelle,</strong></span> <span class='ocrx_word' id='word_1_124' title='bbox 599 1813 652 1877; x_wconf 88' lang='lat' dir='ltr'><strong>sed</strong></span> <span class='ocrx_word' id='word_1_125' title='bbox 676 1813 772 1878; x_wconf 89' lang='lat' dir='ltr'><strong>etiam</strong></span> <span class='ocrx_word' id='word_1_126' title='bbox 795 1813 934 1880; x_wconf 84' lang='lat' dir='ltr'><strong>Sabellio</strong></span> <span class='ocrx_word' id='word_1_127' title='bbox 965 1820 997 1880; x_wconf 90' lang='lat' dir='ltr'><strong>et</strong></span> <span class='ocrx_word' id='word_1_128' title='bbox 1018 1815 1119 1879; x_wconf 86' lang='lat' dir='ltr'><strong>Paulo</strong></span> <span class='ocrx_word' id='word_1_129' title='bbox 1142 1813 1361 1879; x_wconf 83' lang='lat' dir='ltr'><strong>Samosatensi</strong></span> 
     </span>
     <span class='ocr_line' id='line_1_16' title="bbox 181 1915 1361 2005; baseline -0.001 -22"><span class='ocrx_word' id='word_1_130' title='bbox 181 1920 297 2003; x_wconf 91' lang='lat' dir='ltr'><strong>opponi</strong></span> <span class='ocrx_word' id='word_1_131' title='bbox 329 1921 503 2001; x_wconf 90' lang='lat' dir='ltr'><strong>potuerunt</strong></span> <span class='ocrx_word' id='word_1_132' title='bbox 516 1915 553 2001; x_wconf 82' lang='grc'><strong>3).</strong></span> <span class='ocrx_word' id='word_1_133' title='bbox 612 1916 698 1992; x_wconf 78' lang='lat' dir='ltr'><strong>Quae</strong></span> <span class='ocrx_word' id='word_1_134' title='bbox 725 1941 796 1983; x_wconf 90' lang='lat' dir='ltr'><strong>cum</strong></span> <span class='ocrx_word' id='word_1_135' title='bbox 824 1921 871 1984; x_wconf 87' lang='lat' dir='ltr'><strong>ita</strong></span> <span class='ocrx_word' id='word_1_136' title='bbox 900 1921 965 1985; x_wconf 90' lang='lat' dir='ltr'><strong>sint</strong></span> <span class='ocrx_word' id='word_1_137' title='bbox 997 1943 1098 2005; x_wconf 90' lang='lat' dir='ltr'><strong>neque</strong></span> <span class='ocrx_word' id='word_1_138' title='bbox 1129 1920 1192 1984; x_wconf 86' lang='lat' dir='ltr'><strong>alia</strong></span> <span class='ocrx_word' id='word_1_139' title='bbox 1220 1918 1361 2002; x_wconf 84' lang='lat' dir='ltr'><strong>vestigia</strong></span> 
     </span>
     <span class='ocr_line' id='line_1_17' title="bbox 181 2022 1360 2110; baseline 0.002 -24"><span class='ocrx_word' id='word_1_140' title='bbox 181 2023 333 2106; x_wconf 91' lang='lat' dir='ltr'><strong>temporis</strong></span> <span class='ocrx_word' id='word_1_141' title='bbox 357 2022 541 2105; x_wconf 88' lang='lat' dir='ltr'><strong>posterioris</strong></span> <span class='ocrx_word' id='word_1_142' title='bbox 565 2023 706 2086; x_wconf 87' lang='lat' dir='ltr'><strong>certain</strong></span> <span class='ocrx_word' id='word_1_143' title='bbox 730 2046 824 2108; x_wconf 90' lang='lat' dir='ltr'><strong>opere</strong></span> <span class='ocrx_word' id='word_1_144' title='bbox 846 2026 1068 2105; x_wconf 86' lang='lat' dir='ltr'><strong>inveniantur,</strong></span> <span class='ocrx_word' id='word_1_145' title='bbox 1096 2025 1360 2110; x_wconf 84' lang='lat' dir='ltr'><strong>interpolatorem</strong></span> 
     </span>
     <span class='ocr_line' id='line_1_18' title="bbox 181 2125 1360 2213; baseline 0.002 -21"><span class='ocrx_word' id='word_1_146' title='bbox 181 2129 276 2192; x_wconf 90' lang='lat' dir='ltr'><strong>etiam</strong></span> <span class='ocrx_word' id='word_1_147' title='bbox 300 2131 373 2192; x_wconf 90' lang='lat' dir='ltr'><strong>ante</strong></span> <span class='ocrx_word' id='word_1_148' title='bbox 392 2126 546 2212; x_wconf 87' lang='lat' dir='ltr'><strong>synodum</strong></span> <span class='ocrx_word' id='word_1_149' title='bbox 562 2125 738 2192; x_wconf 90' lang='lat' dir='ltr'><strong>Nicaenam</strong></span> <span class='ocrx_word' id='word_1_150' title='bbox 761 2130 811 2194; x_wconf 91' lang='lat' dir='ltr'><strong>vel</strong></span> <span class='ocrx_word' id='word_1_151' title='bbox 833 2131 957 2196; x_wconf 90' lang='lat' dir='ltr'><strong>saeculo</strong></span> <span class='ocrx_word' id='word_1_152' title='bbox 973 2129 1020 2196; x_wconf 85' lang='lat' dir='ltr'><strong>IV</strong></span> <span class='ocrx_word' id='word_1_153' title='bbox 1043 2130 1172 2195; x_wconf 90' lang='lat' dir='ltr'><strong>ineunte</strong></span> <span class='ocrx_word' id='word_1_154' title='bbox 1195 2129 1360 2213; x_wconf 89' lang='lat' dir='ltr'><strong>scripsisse</strong></span> 
     </span>
     <span class='ocr_line' id='line_1_19' title="bbox 180 2232 423 2296; baseline 0 0"><span class='ocrx_word' id='word_1_155' title='bbox 180 2237 317 2296; x_wconf 86' lang='lat' dir='ltr'><strong>statuere</strong></span> <span class='ocrx_word' id='word_1_156' title='bbox 340 2232 423 2296; x_wconf 90' lang='lat' dir='ltr'><strong>lieet.</strong></span> 
     </span>
    </p>

    <p class='ocr_par' dir='ltr' id='par_1_3' title="bbox 179 2335 1359 3370">
     <span class='ocr_line' id='line_1_20' title="bbox 268 2335 1358 2423; baseline 0.005 -24"><span class='ocrx_word' id='word_1_157' title='bbox 268 2335 372 2400; x_wconf 82' lang='lat' dir='ltr'><strong>Aliter</strong></span> <span class='ocrx_word' id='word_1_158' title='bbox 402 2338 440 2401; x_wconf 91' lang='lat' dir='ltr'><strong>de</strong></span> <span class='ocrx_word' id='word_1_159' title='bbox 469 2342 572 2403; x_wconf 88' lang='lat' dir='ltr'><strong>aetate</strong></span> <span class='ocrx_word' id='word_1_160' title='bbox 601 2339 839 2423; x_wconf 83' lang='lat' dir='ltr'><strong>interpolatoris</strong></span> <span class='ocrx_word' id='word_1_161' title='bbox 869 2341 1069 2406; x_wconf 87' lang='lat' dir='ltr'><strong>sentiendum</strong></span> <span class='ocrx_word' id='word_1_162' title='bbox 1092 2346 1190 2422; x_wconf 89' lang='lat' dir='ltr'><strong>esset,</strong></span> <span class='ocrx_word' id='word_1_163' title='bbox 1220 2341 1247 2405; x_wconf 89' lang='lat' dir='ltr'><strong>si</strong></span> <span class='ocrx_word' id='word_1_164' title='bbox 1270 2341 1358 2405; x_wconf 88' lang='lat' dir='ltr'><strong>idem</strong></span> 
     </span>
     <span class='ocr_line' id='line_1_21' title="bbox 181 2443 1357 2531; baseline 0.005 -26"><span class='ocrx_word' id='word_1_165' title='bbox 181 2445 262 2506; x_wconf 89' lang='lat' dir='ltr'><strong>esset</strong></span> <span class='ocrx_word' id='word_1_166' title='bbox 285 2464 356 2505; x_wconf 90' lang='lat' dir='ltr'><strong>cum</strong></span> <span class='ocrx_word' id='word_1_167' title='bbox 380 2464 426 2522; x_wconf 89' lang='lat' dir='ltr'><strong>eo,</strong></span> <span class='ocrx_word' id='word_1_168' title='bbox 450 2443 504 2525; x_wconf 92' lang='lat' dir='ltr'><strong>qui</strong></span> <span class='ocrx_word' id='word_1_169' title='bbox 522 2444 672 2526; x_wconf 88' lang='lat' dir='ltr'><strong>epistulas</strong></span> <span class='ocrx_word' id='word_1_170' title='bbox 688 2444 808 2530; x_wconf 86' lang='lat' dir='ltr'><strong>Ignatii</strong></span> <span class='ocrx_word' id='word_1_171' title='bbox 831 2445 1038 2529; x_wconf 80' lang='lat' dir='ltr'><strong>amplificavit</strong></span> <span class='ocrx_word' id='word_1_172' title='bbox 1061 2448 1178 2531; x_wconf 88' lang='lat' dir='ltr'><strong>quique</strong></span> <span class='ocrx_word' id='word_1_173' title='bbox 1201 2469 1263 2510; x_wconf 91' lang='lat' dir='ltr'><strong>non</strong></span> <span class='ocrx_word' id='word_1_174' title='bbox 1279 2451 1357 2511; x_wconf 84' lang='lat' dir='ltr'><strong>ante</strong></span> 
     </span>
     <span class='ocr_line' id='line_1_22' title="bbox 180 2548 1356 2635; baseline 0.006 -26"><span class='ocrx_word' id='word_1_175' title='bbox 180 2569 299 2610; x_wconf 86' lang='lat' dir='ltr'><strong>annum</strong></span> <span class='ocrx_word' id='word_1_176' title='bbox 322 2548 401 2625; x_wconf 87' lang='lat'><strong>360,</strong></span> <span class='ocrx_word' id='word_1_177' title='bbox 434 2548 643 2631; x_wconf 88' lang='lat' dir='ltr'><strong>probabiliter</strong></span> <span class='ocrx_word' id='word_1_178' title='bbox 674 2572 739 2614; x_wconf 89' lang='lat' dir='ltr'><strong>non</strong></span> <span class='ocrx_word' id='word_1_179' title='bbox 773 2554 846 2615; x_wconf 89' lang='lat' dir='ltr'><strong>ante</strong></span> <span class='ocrx_word' id='word_1_180' title='bbox 876 2551 972 2615; x_wconf 87' lang='lat' dir='ltr'><strong>finem</strong></span> <span class='ocrx_word' id='word_1_181' title='bbox 1002 2553 1119 2616; x_wconf 87' lang='lat' dir='ltr'><strong>saeculi</strong></span> <span class='ocrx_word' id='word_1_182' title='bbox 1140 2551 1188 2617; x_wconf 86' lang='lat' dir='ltr'><strong>IV</strong></span> <span class='ocrx_word' id='word_1_183' title='bbox 1217 2551 1356 2635; x_wconf 87' lang='lat' dir='ltr'><strong>scripsit.</strong></span> 
     </span>
     <span class='ocr_line' id='line_1_23' title="bbox 179 2653 1358 2749; baseline 0.004 -33"><span class='ocrx_word' id='word_1_184' title='bbox 179 2653 331 2717; x_wconf 85' lang='lat' dir='ltr'><strong>Harnack</strong></span> <span class='ocrx_word' id='word_1_185' title='bbox 343 2676 452 2717; x_wconf 81' lang='lat' dir='ltr'><strong>revera</strong></span> <span class='ocrx_word' id='word_1_186' title='bbox 467 2655 657 2738; x_wconf 82' lang='lat' dir='ltr'><strong>nuperrime,</strong></span> <span class='ocrx_word' id='word_1_187' title='bbox 668 2678 767 2740; x_wconf 90' lang='lat' dir='ltr'><strong>aeque</strong></span> <span class='ocrx_word' id='word_1_188' title='bbox 783 2677 819 2719; x_wconf 85' lang='lat' dir='ltr'><strong>ac</strong></span> <span class='ocrx_word' id='word_1_189' title='bbox 834 2655 958 2719; x_wconf 90' lang='lat' dir='ltr'><strong>saeculo</strong></span> <span class='ocrx_word' id='word_1_190' title='bbox 976 2655 1070 2720; x_wconf 87' lang='lat' dir='ltr'>XVII</span> <span class='ocrx_word' id='word_1_191' title='bbox 1085 2656 1200 2749; x_wconf 84' lang='lat' dir='ltr'><strong>Usher,</strong></span> <span class='ocrx_word' id='word_1_192' title='bbox 1215 2655 1358 2721; x_wconf 87' lang='lat' dir='ltr'><strong>Pseudo-</strong></span> 
     </span>
     <span class='ocr_line' id='line_1_24' title="bbox 179 2754 1358 2845; baseline 0.004 -24"><span class='ocrx_word' id='word_1_193' title='bbox 179 2758 365 2823; x_wconf 86' lang='lat' dir='ltr'><strong>clementem</strong></span> <span class='ocrx_word' id='word_1_194' title='bbox 397 2762 429 2822; x_wconf 89' lang='lat' dir='ltr'><strong>et</strong></span> <span class='ocrx_word' id='word_1_195' title='bbox 460 2756 742 2845; x_wconf 83' lang='lat' dir='ltr'><strong>Pseudoignatium</strong></span> <span class='ocrx_word' id='word_1_196' title='bbox 776 2761 909 2825; x_wconf 90' lang='lat' dir='ltr'><strong>eundem</strong></span> <span class='ocrx_word' id='word_1_197' title='bbox 932 2783 998 2826; x_wconf 88' lang='lat' dir='ltr'><strong>esse</strong></span> <span class='ocrx_word' id='word_1_198' title='bbox 1025 2754 1188 2826; x_wconf 83' lang='lat' dir='ltr'><strong>contendit</strong></span> <span class='ocrx_word' id='word_1_199' title='bbox 1200 2760 1236 2844; x_wconf 80' lang='lat'><strong>⁴).</strong></span> <span class='ocrx_word' id='word_1_200' title='bbox 1275 2759 1358 2826; x_wconf 88' lang='lat' dir='ltr'><strong>Rem</strong></span> 
     </span>
     <span class='ocr_line' id='line_1_25' title="bbox 180 2863 1358 2951; baseline 0.002 -24"><span class='ocrx_word' id='word_1_201' title='bbox 180 2868 286 2928; x_wconf 90' lang='lat' dir='ltr'><strong>autem</strong></span> <span class='ocrx_word' id='word_1_202' title='bbox 307 2887 371 2928; x_wconf 93' lang='lat' dir='ltr'><strong>non</strong></span> <span class='ocrx_word' id='word_1_203' title='bbox 388 2865 625 2930; x_wconf 88' lang='lat' dir='ltr'><strong>demonstravit.</strong></span> <span class='ocrx_word' id='word_1_204' title='bbox 660 2867 688 2930; x_wconf 83' lang='lat' dir='ltr'><strong>E</strong></span> <span class='ocrx_word' id='word_1_205' title='bbox 715 2867 873 2930; x_wconf 89' lang='lat' dir='ltr'><strong>contrario</strong></span> <span class='ocrx_word' id='word_1_206' title='bbox 898 2866 991 2950; x_wconf 90' lang='lat' dir='ltr'><strong>plura</strong></span> <span class='ocrx_word' id='word_1_207' title='bbox 1014 2869 1201 2951; x_wconf 82' lang='lat' dir='ltr'><strong>argumenta</strong></span> <span class='ocrx_word' id='word_1_208' title='bbox 1216 2863 1358 2929; x_wconf 88' lang='lat' dir='ltr'><strong>Pseudo·</strong></span> 
     </span>
     <span class='ocr_line' id='line_1_26' title="bbox 181 2967 1359 3051; baseline 0.003 -21"><span class='ocrx_word' id='word_1_209' title='bbox 181 2968 342 3051; x_wconf 84' lang='lat' dir='ltr'><strong>ignatium</strong></span> <span class='ocrx_word' id='word_1_210' title='bbox 367 2971 463 3034; x_wconf 90' lang='lat' dir='ltr'><strong>alium</strong></span> <span class='ocrx_word' id='word_1_211' title='bbox 489 2970 587 3034; x_wconf 85' lang='lat' dir='ltr'><strong>fuisse</strong></span> <span class='ocrx_word' id='word_1_212' title='bbox 610 2992 644 3033; x_wconf 85' lang='lat' dir='ltr'><strong>ae</strong></span> <span class='ocrx_word' id='word_1_213' title='bbox 661 2969 971 3036; x_wconf 89' lang='lat' dir='ltr'><strong>Pseudoclementem</strong></span> <span class='ocrx_word' id='word_1_214' title='bbox 991 2971 1142 3035; x_wconf 88' lang='lat' dir='ltr'><strong>indicant.</strong></span> <span class='ocrx_word' id='word_1_215' title='bbox 1180 2967 1289 3033; x_wconf 87' lang='lat' dir='ltr'><strong>Unum</strong></span> <span class='ocrx_word' id='word_1_216' title='bbox 1306 2970 1359 3034; x_wconf 90' lang='lat' dir='ltr'><strong>hic</strong></span> 
     </span>
     <span class='ocr_line' id='line_1_27' title="bbox 181 3074 1356 3159; baseline 0.003 -25"><span class='ocrx_word' id='word_1_217' title='bbox 181 3079 453 3144; x_wconf 88' lang='lat' dir='ltr'><strong>commemoretur.</strong></span> <span class='ocrx_word' id='word_1_218' title='bbox 482 3074 748 3159; x_wconf 86' lang='lat' dir='ltr'><strong>Pseudoignatius</strong></span> <span class='ocrx_word' id='word_1_219' title='bbox 760 3097 824 3139; x_wconf 90' lang='lat' dir='ltr'><strong>non</strong></span> <span class='ocrx_word' id='word_1_220' title='bbox 835 3076 938 3140; x_wconf 91' lang='lat' dir='ltr'><strong>solum</strong></span> <span class='ocrx_word' id='word_1_221' title='bbox 949 3080 1022 3158; x_wconf 89' lang='lat' dir='ltr'><strong>post</strong></span> <span class='ocrx_word' id='word_1_222' title='bbox 1033 3074 1207 3140; x_wconf 87' lang='lat' dir='ltr'><strong>Nicaenam</strong></span> <span class='ocrx_word' id='word_1_223' title='bbox 1220 3075 1356 3158; x_wconf 90' lang='lat' dir='ltr'><strong>scripsit,</strong></span> 
     </span>
     <span class='ocr_line' id='line_1_28' title="bbox 183 3176 1357 3264; baseline 0.004 -26"><span class='ocrx_word' id='word_1_224' title='bbox 183 3177 237 3239; x_wconf 90' lang='lat' dir='ltr'><strong>sed</strong></span> <span class='ocrx_word' id='word_1_225' title='bbox 260 3179 355 3243; x_wconf 91' lang='lat' dir='ltr'><strong>etiam</strong></span> <span class='ocrx_word' id='word_1_226' title='bbox 379 3179 466 3244; x_wconf 90' lang='lat' dir='ltr'><strong>haud</strong></span> <span class='ocrx_word' id='word_1_227' title='bbox 483 3180 576 3244; x_wconf 84' lang='lat' dir='ltr'><strong>dubie</strong></span> <span class='ocrx_word' id='word_1_228' title='bbox 593 3203 612 3243; x_wconf 88' lang='lat' dir='ltr'><strong>a</strong></span> <span class='ocrx_word' id='word_1_229' title='bbox 627 3180 773 3264; x_wconf 86' lang='lat' dir='ltr'><strong>partibus</strong></span> <span class='ocrx_word' id='word_1_230' title='bbox 789 3178 1092 3263; x_wconf 85' lang='lat' dir='ltr'><strong>Apollinaristarum</strong></span> <span class='ocrx_word' id='word_1_231' title='bbox 1109 3179 1209 3242; x_wconf 88' lang='lat' dir='ltr'><strong>stetit.</strong></span> <span class='ocrx_word' id='word_1_232' title='bbox 1243 3176 1357 3263; x_wconf 88' lang='lat' dir='ltr'><strong>Itaque</strong></span> 
     </span>
     <span class='ocr_line' id='line_1_29' title="bbox 181 3283 1356 3370; baseline 0.008 -28"><span class='ocrx_word' id='word_1_233' title='bbox 181 3283 324 3363; x_wconf 89' lang='lat' dir='ltr'><strong>tempore</strong></span> <span class='ocrx_word' id='word_1_234' title='bbox 347 3283 437 3361; x_wconf 83' lang='lat' dir='ltr'><strong>vixit,</strong></span> <span class='ocrx_word' id='word_1_235' title='bbox 461 3285 501 3346; x_wconf 89' lang='lat' dir='ltr'><strong>ad</strong></span> <span class='ocrx_word' id='word_1_236' title='bbox 524 3284 607 3367; x_wconf 90' lang='lat' dir='ltr'><strong>quod</strong></span> <span class='ocrx_word' id='word_1_237' title='bbox 624 3283 935 3349; x_wconf 89' lang='lat' dir='ltr'><strong>Pseudoclementem</strong></span> <span class='ocrx_word' id='word_1_238' title='bbox 957 3306 1050 3348; x_wconf 91' lang='lat' dir='ltr'><strong>nemo</strong></span> <span class='ocrx_word' id='word_1_239' title='bbox 1072 3285 1190 3349; x_wconf 89' lang='lat' dir='ltr'><strong>referre</strong></span> <span class='ocrx_word' id='word_1_240' title='bbox 1213 3284 1308 3348; x_wconf 88' lang='lat' dir='ltr'><strong>audet</strong></span> <span class='ocrx_word' id='word_1_241' title='bbox 1333 3286 1356 3370; x_wconf 87' lang='lat'><strong>).</strong></span> 
     </span>
    </p>

    <p class='ocr_par' dir='ltr' id='par_1_4' title="bbox 270 3385 1427 3471">
     <span class='ocr_line' id='line_1_30' title="bbox 270 3385 1427 3471; baseline 0.004 -22"><span class='ocrx_word' id='word_1_242' title='bbox 270 3385 358 3449; x_wconf 89' lang='lat' dir='ltr'><strong>Num</strong></span> <span class='ocrx_word' id='word_1_243' title='bbox 382 3388 590 3471; x_wconf 87' lang='lat' dir='ltr'><strong>interpolator</strong></span> <span class='ocrx_word' id='word_1_244' title='bbox 612 3389 768 3452; x_wconf 90' lang='lat' dir='ltr'><strong>librorum</strong></span> <span class='ocrx_word' id='word_1_245' title='bbox 792 3387 918 3455; x_wconf 88' lang='lat' dir='ltr'><strong>l-VII</strong></span> <span class='ocrx_word' id='word_1_246' title='bbox 947 3411 1021 3452; x_wconf 92' lang='lat' dir='ltr'><strong>cum</strong></span> <span class='ocrx_word' id='word_1_247' title='bbox 1044 3388 1095 3453; x_wconf 93' lang='lat' dir='ltr'><strong>his</strong></span> <span class='ocrx_word' id='word_1_248' title='bbox 1118 3390 1215 3455; x_wconf 84' lang='lat' dir='ltr'><strong>etiam</strong></span> <span class='ocrx_word' id='word_1_249' title='bbox 1237 3390 1354 3454; x_wconf 92' lang='lat' dir='ltr'><strong>librum</strong></span> <span class='ocrx_word' id='word_1_250' title='bbox 1424 3401 1427 3405; x_wconf 79' lang='grc'>’</span> 
     </span>
    </p>
   </div>
   <div class='ocr_carea' id='block_1_3' title="bbox 180 3542 1359 3964">
    <p class='ocr_par' dir='ltr' id='par_1_5' title="bbox 254 3542 1087 3613">
     <span class='ocr_line' id='line_1_31' title="bbox 254 3542 1087 3613; baseline 0 -17"><span class='ocrx_word' id='word_1_251' title='bbox 254 3543 279 3610; x_wconf 87' lang='grc'><strong>1)</strong></span> <span class='ocrx_word' id='word_1_252' title='bbox 298 3542 353 3595; x_wconf 77' lang='lat' dir='ltr'><strong>Die</strong></span> <span class='ocrx_word' id='word_1_253' title='bbox 370 3542 457 3596; x_wconf 81' lang='lat' dir='ltr'><strong>Lebrc</strong></span> <span class='ocrx_word' id='word_1_254' title='bbox 475 3542 522 3596; x_wconf 81' lang='lat' dir='ltr'><strong>der</strong></span> <span class='ocrx_word' id='word_1_255' title='bbox 539 3560 585 3598; x_wconf 72' lang='lat' dir='ltr'><strong>ew.</strong></span> <span class='ocrx_word' id='word_1_256' title='bbox 604 3545 656 3613; x_wconf 83' lang='lat' dir='ltr'><strong>Ap.</strong></span> <span class='ocrx_word' id='word_1_257' title='bbox 675 3545 782 3613; x_wconf 86' lang='lat' dir='ltr'><strong>Proleg.</strong></span> <span class='ocrx_word' id='word_1_258' title='bbox 802 3561 829 3613; x_wconf 85' lang='lat' dir='ltr'><strong>p.</strong></span> <span class='ocrx_word' id='word_1_259' title='bbox 851 3544 900 3598; x_wconf 79' lang='lat'><strong>170</strong></span> <span class='ocrx_word' id='word_1_260' title='bbox 919 3561 957 3613; x_wconf 91' lang='lat' dir='ltr'><strong>sq.</strong></span> <span class='ocrx_word' id='word_1_261' title='bbox 978 3544 1028 3597; x_wconf 82' lang='lat'><strong>265</strong></span> <span class='ocrx_word' id='word_1_262' title='bbox 1049 3563 1087 3613; x_wconf 88' lang='lat' dir='ltr'><strong>sq.</strong></span> 
     </span>
    </p>

    <p class='ocr_par' dir='ltr' id='par_1_6' title="bbox 180 3629 1357 3870">
     <span class='ocr_line' id='line_1_32' title="bbox 251 3629 1356 3699; baseline 0.003 -17"><span class='ocrx_word' id='word_1_263' title='bbox 251 3631 277 3696; x_wconf 80' lang='grc'><strong>2)</strong></span> <span class='ocrx_word' id='word_1_264' title='bbox 297 3630 400 3682; x_wconf 80' lang='lat' dir='ltr'><strong>Athon.</strong></span> <span class='ocrx_word' id='word_1_265' title='bbox 426 3629 466 3684; x_wconf 92' lang='lat' dir='ltr'><strong>De</strong></span> <span class='ocrx_word' id='word_1_266' title='bbox 490 3632 587 3699; x_wconf 86' lang='lat' dir='ltr'><strong>synod.</strong></span> <span class='ocrx_word' id='word_1_267' title='bbox 606 3632 692 3686; x_wconf 88' lang='lat' dir='ltr'><strong>Arim.</strong></span> <span class='ocrx_word' id='word_1_268' title='bbox 721 3634 750 3687; x_wconf 90' lang='lat' dir='ltr'><strong>et</strong></span> <span class='ocrx_word' id='word_1_269' title='bbox 778 3631 880 3686; x_wconf 85' lang='lat' dir='ltr'><strong>Selene.</strong></span> <span class='ocrx_word' id='word_1_270' title='bbox 906 3648 926 3686; x_wconf 71' lang='lat' dir='ltr'><strong>c,</strong></span> <span class='ocrx_word' id='word_1_271' title='bbox 947 3633 989 3686; x_wconf 80' lang='lat'><strong>23.</strong></span> <span class='ocrx_word' id='word_1_272' title='bbox 1026 3630 1129 3686; x_wconf 83' lang='lat' dir='ltr'><strong>Socrat.</strong></span> <span class='ocrx_word' id='word_1_273' title='bbox 1150 3631 1184 3685; x_wconf 92' lang='lat' dir='ltr'><strong>H.</strong></span> <span class='ocrx_word' id='word_1_274' title='bbox 1203 3631 1233 3684; x_wconf 88' lang='grc' dir='ltr'><strong>Ε.</strong></span> <span class='ocrx_word' id='word_1_275' title='bbox 1253 3631 1293 3695; x_wconf 89' lang='grc' dir='ltr'><strong>Π,</strong></span> <span class='ocrx_word' id='word_1_276' title='bbox 1315 3630 1356 3686; x_wconf 86' lang='grc'><strong>10.</strong></span> 
     </span>
     <span class='ocr_line' id='line_1_33' title="bbox 182 3718 1357 3788; baseline 0 -16"><span class='ocrx_word' id='word_1_277' title='bbox 182 3718 347 3788; x_wconf 84' lang='lat' dir='ltr'><strong>Symbolum</strong></span> <span class='ocrx_word' id='word_1_278' title='bbox 367 3736 383 3771; x_wconf 90' lang='lat' dir='ltr'><strong>a</strong></span> <span class='ocrx_word' id='word_1_279' title='bbox 403 3718 508 3785; x_wconf 85' lang='lat' dir='ltr'><strong>synodo</strong></span> <span class='ocrx_word' id='word_1_280' title='bbox 528 3719 704 3774; x_wconf 82' lang='lat' dir='ltr'><strong>Antiocheno</strong></span> <span class='ocrx_word' id='word_1_281' title='bbox 722 3736 748 3774; x_wconf 86' lang='lat' dir='ltr'><strong>o.</strong></span> <span class='ocrx_word' id='word_1_282' title='bbox 761 3719 812 3773; x_wconf 88' lang='grc'><strong>341</strong></span> <span class='ocrx_word' id='word_1_283' title='bbox 832 3718 984 3786; x_wconf 88' lang='lat' dir='ltr'><strong>repetitum</strong></span> <span class='ocrx_word' id='word_1_284' title='bbox 1003 3720 1054 3772; x_wconf 88' lang='lat' dir='ltr'><strong>est.</strong></span> <span class='ocrx_word' id='word_1_285' title='bbox 1091 3718 1242 3772; x_wconf 75' lang='lat' dir='ltr'><strong>larcianum</strong></span> <span class='ocrx_word' id='word_1_286' title='bbox 1261 3721 1357 3773; x_wconf 85' lang='lat' dir='ltr'><strong>autern</strong></span> 
     </span>
     <span class='ocr_line' id='line_1_34' title="bbox 180 3807 1058 3870; baseline -0.005 -8"><span class='ocrx_word' id='word_1_287' title='bbox 180 3826 238 3862; x_wconf 88' lang='lat' dir='ltr'><strong>esse</strong></span> <span class='ocrx_word' id='word_1_288' title='bbox 257 3809 399 3862; x_wconf 79' lang='lat' dir='ltr'><strong>auctorem</strong></span> <span class='ocrx_word' id='word_1_289' title='bbox 418 3810 541 3862; x_wconf 90' lang='lat' dir='ltr'><strong>testatur</strong></span> <span class='ocrx_word' id='word_1_290' title='bbox 560 3807 724 3863; x_wconf 85' lang='lat' dir='ltr'><strong>Sozomenus</strong></span> <span class='ocrx_word' id='word_1_291' title='bbox 743 3807 776 3861; x_wconf 93' lang='lat' dir='ltr'><strong>H.</strong></span> <span class='ocrx_word' id='word_1_292' title='bbox 797 3807 826 3861; x_wconf 80' lang='lat' dir='ltr'><strong>ll.</strong></span> <span class='ocrx_word' id='word_1_293' title='bbox 846 3807 879 3870; x_wconf 91' lang='lat' dir='ltr'><strong>Il,</strong></span> <span class='ocrx_word' id='word_1_294' title='bbox 899 3808 930 3869; x_wconf 74' lang='lat'><strong>5,</strong></span> <span class='ocrx_word' id='word_1_295' title='bbox 950 3807 995 3869; x_wconf 88' lang='lat' dir='ltr'><strong>VI,</strong></span> <span class='ocrx_word' id='word_1_296' title='bbox 1018 3808 1058 3858; x_wconf 82' lang='lat'><strong>12.</strong></span> 
     </span>
    </p>

    <p class='ocr_par' dir='ltr' id='par_1_7' title="bbox 251 3893 1359 3964">
     <span class='ocr_line' id='line_1_35' title="bbox 251 3893 1359 3964; baseline -0.002 -14"><span class='ocrx_word' id='word_1_297' title='bbox 251 3895 278 3964; x_wconf 84' lang='lat'><strong>3)</strong></span> <span class='ocrx_word' id='word_1_298' title='bbox 297 3895 382 3963; x_wconf 90' lang='lat' dir='ltr'><strong>Drey,</strong></span> <span class='ocrx_word' id='word_1_299' title='bbox 408 3895 483 3948; x_wconf 81' lang='lat' dir='ltr'><strong>Neue</strong></span> <span class='ocrx_word' id='word_1_300' title='bbox 507 3896 741 3964; x_wconf 73' lang='lat' dir='ltr'><strong>Uatersacbaapeo</strong></span> <span class='ocrx_word' id='word_1_301' title='bbox 765 3896 830 3949; x_wconf 76' lang='lat' dir='ltr'><strong>ether</strong></span> <span class='ocrx_word' id='word_1_302' title='bbox 855 3894 898 3947; x_wconf 83' lang='lat' dir='ltr'><strong>dic</strong></span> <span class='ocrx_word' id='word_1_303' title='bbox 917 3893 1130 3948; x_wconf 77' lang='lat' dir='ltr'><strong>Constitutioaea</strong></span> <span class='ocrx_word' id='word_1_304' title='bbox 1153 3893 1211 3946; x_wconf 80' lang='lat' dir='ltr'><strong>aad</strong></span> <span class='ocrx_word' id='word_1_305' title='bbox 1228 3893 1359 3948; x_wconf 74' lang='lat' dir='ltr'><strong>Kaesones</strong></span> 
     </span>
    </p>
   </div>
   <div class='ocr_carea' id='block_1_4' title="bbox 182 3981 1357 4226">
    <p class='ocr_par' dir='ltr' id='par_1_8' title="bbox 182 3981 1357 4226">
     <span class='ocr_line' id='line_1_36' title="bbox 182 3981 615 4052; baseline -0.005 -15"><span class='ocrx_word' id='word_1_306' title='bbox 182 3983 229 4037; x_wconf 76' lang='lat' dir='ltr'><strong>der</strong></span> <span class='ocrx_word' id='word_1_307' title='bbox 245 3982 356 4052; x_wconf 84' lang='lat' dir='ltr'><strong>Apostel</strong></span> <span class='ocrx_word' id='word_1_308' title='bbox 376 3981 443 4035; x_wconf 81' lang='lat'>1832</span> <span class='ocrx_word' id='word_1_309' title='bbox 461 3999 487 4050; x_wconf 90' lang='lat' dir='ltr'><strong>p.</strong></span> <span class='ocrx_word' id='word_1_310' title='bbox 508 3981 556 4036; x_wconf 90' lang='grc'><strong>101</strong></span> <span class='ocrx_word' id='word_1_311' title='bbox 577 4000 615 4051; x_wconf 90' lang='lat' dir='ltr'><strong>sq.</strong></span> 
     </span>
     <span class='ocr_line' id='line_1_37' title="bbox 251 4068 577 4140; baseline -0.006 -17"><span class='ocrx_word' id='word_1_312' title='bbox 251 4072 280 4140; x_wconf 79' lang='grc'><strong>4)</strong></span> <span class='ocrx_word' id='word_1_313' title='bbox 298 4070 327 4122; x_wconf 86' lang='lat' dir='ltr'><strong>L.</strong></span> <span class='ocrx_word' id='word_1_314' title='bbox 341 4086 363 4122; x_wconf 89' lang='lat' dir='ltr'><strong>c.</strong></span> <span class='ocrx_word' id='word_1_315' title='bbox 382 4087 409 4139; x_wconf 93' lang='lat' dir='ltr'><strong>p.</strong></span> <span class='ocrx_word' id='word_1_316' title='bbox 429 4068 577 4123; x_wconf 72' lang='lat' dir='ltr'><strong>alr-266.</strong></span> 
     </span>
     <span class='ocr_line' id='line_1_38' title="bbox 253 4151 1357 4226; baseline -0.005 -15"><span class='ocrx_word' id='word_1_317' title='bbox 253 4160 279 4224; x_wconf 86' lang='grc'><strong>5)</strong></span> <span class='ocrx_word' id='word_1_318' title='bbox 298 4157 338 4211; x_wconf 83' lang='lat' dir='ltr'><strong>Of.</strong></span> <span class='ocrx_word' id='word_1_319' title='bbox 351 4156 439 4220; x_wconf 82' lang='lat' dir='ltr'><strong>Funk,</strong></span> <span class='ocrx_word' id='word_1_320' title='bbox 459 4156 529 4226; x_wconf 90' lang='lat' dir='ltr'><strong>Opp.</strong></span> <span class='ocrx_word' id='word_1_321' title='bbox 543 4158 657 4225; x_wconf 87' lang='lat' dir='ltr'><strong>patrum</strong></span> <span class='ocrx_word' id='word_1_322' title='bbox 676 4155 764 4222; x_wconf 88' lang='lat' dir='ltr'><strong>apost.</strong></span> <span class='ocrx_word' id='word_1_323' title='bbox 778 4156 800 4207; x_wconf 91' lang='lat' dir='ltr'><strong>t.</strong></span> <span class='ocrx_word' id='word_1_324' title='bbox 812 4153 837 4206; x_wconf 94' lang='grc' dir='ltr'><strong>ΙΙ</strong></span> <span class='ocrx_word' id='word_1_325' title='bbox 855 4170 883 4222; x_wconf 90' lang='lat' dir='ltr'><strong>p.</strong></span> <span class='ocrx_word' id='word_1_326' title='bbox 896 4151 1030 4205; x_wconf 79' lang='lat' dir='ltr'><strong>X—Xlll.</strong></span> <span class='ocrx_word' id='word_1_327' title='bbox 1063 4151 1217 4220; x_wconf 69' lang='lat' dir='ltr'><strong>tightfoot</strong></span> <span class='ocrx_word' id='word_1_328' title='bbox 1237 4152 1262 4205; x_wconf 91' lang='lat' dir='ltr'><strong>S.</strong></span> <span class='ocrx_word' id='word_1_329' title='bbox 1274 4152 1357 4220; x_wconf 86' lang='lat' dir='ltr'><strong>lgna·</strong></span> 
     </span>
    </p>
   </div>
   <div class='ocr_carea' id='block_1_5' title="bbox 181 4242 587 4316">
    <p class='ocr_par' dir='ltr' id='par_1_9' title="bbox 181 4242 587 4316">
     <span class='ocr_line' id='line_1_39' title="bbox 181 4242 587 4316; baseline 0.01 -22"><span class='ocrx_word' id='word_1_330' title='bbox 181 4242 237 4295; x_wconf 86' lang='lat' dir='ltr'><strong>tius</strong></span> <span class='ocrx_word' id='word_1_331' title='bbox 259 4243 325 4298; x_wconf 88' lang='lat'>1885</span> <span class='ocrx_word' id='word_1_332' title='bbox 344 4247 365 4298; x_wconf 93' lang='lat' dir='ltr'><strong>t.</strong></span> <span class='ocrx_word' id='word_1_333' title='bbox 386 4246 398 4298; x_wconf 92' lang='lat' dir='ltr'><strong>l</strong></span> <span class='ocrx_word' id='word_1_334' title='bbox 416 4264 443 4315; x_wconf 83' lang='lat' dir='ltr'><strong>p,</strong></span> <span class='ocrx_word' id='word_1_335' title='bbox 463 4245 514 4299; x_wconf 80' lang='lat'><strong>249</strong></span> <span class='ocrx_word' id='word_1_336' title='bbox 529 4263 587 4316; x_wconf 89' lang='lat' dir='ltr'><strong>sqq.</strong></span> 
     </span>
    </p>
   </div>
   <div class='ocr_carea' id='block_1_6' title="bbox 0 0 1466 4890">
    <p class='ocr_par' dir='ltr' id='par_1_10' title="bbox 0 0 1466 4890">
     <span class='ocr_line' id='line_1_40' title="bbox 0 0 1466 4890; baseline 0 0"><span class='ocrx_word' id='word_1_337' title='bbox 0 0 1466 4890; x_wconf 95' lang='lat' dir='ltr'><strong> </strong></span> 
     </span>
    </p>
   </div>
  </div>
 </body>
</html>
