2918 4890
331 318 552 377 SANOTORUM
571 318 834 374 APOSTOLORUM
852 318 1117 385 V11,31,1-32‚5.
1262 322 1303 388 97

97 461 293 559 (scutatis,
316 479 477 563 probatos,
500 482 635 557 sanctos,
659 499 724 542 non
741 482 918 562 acceptores
934 502 1151 563 personarum,
1174 481 1229 565 qui
1251 503 1306 545 va·

132 586 225 650 leant
256 584 366 648 docere
393 604 563 648 sermonem
587 584 717 664 pietatis
742 589 820 649 recte
847 589 1013 650 tractantes
1042 587 1075 650 iu
1104 586 1306 673 dogmatibus

134 689 277 754 Domini.
325 689 353 754 2.
379 687 445 753 Vos
468 710 541 752 vero
563 687 621 752 hos
644 688 799 754 honorate
821 692 857 753 ut
879 693 1005 773 patres,
1027 694 1065 754 ut
1088 691 1246 771 dominos,
1270 694 1307 754 ut

135 793 303 868 beneficos,
327 796 363 857 ut
386 796 528 857 auctores
551 793 636 877 quod
658 793 737 858 bene
761 792 846 858 estis.

225 899 255 962 3.
279 897 416 982 Arguite
439 898 534 962 etiam
555 919 611 962 vos
633 901 753 977 mutuo,
776 920 840 961 non
862 899 969 979 inira,
993 902 1047 965 sed
1061 902 1095 965 in
1111 901 1307 986 aequanimi·
1334 924 1346 962 n

138 1007 215 1082 tate,
239 1025 310 1067 cum
333 1003 533 1088 benignitate
554 1025 591 1067 ac
610 1025 695 1086 pace.
741 1004 771 1066 4.
795 1001 910 1068 Omnia
925 1005 1014 1069 vobis
1030 1027 1049 1069 a
1064 1005 1200 1070 Domino
1215 1028 1307 1090 prae-

140 1112 233 1191 cepta
255 1111 387 1173 servate.
432 1108 462 1172 5.
486 1108 629 1194 Vigilate
659 1130 717 1191 pro
748 1109 815 1173 vita
843 1114 958 1176 vestra.
1004 1109 1076 1176 Sint
1098 1112 1196 1176 lambi
1216 1113 1309 1177 nestri

135 1214 310 1295 praecincti
333 1218 361 1277 et
383 1214 525 1278 lacernae
546 1213 701 1293 ardentes,
725 1219 752 1279 et
774 1235 828 1278 aas
849 1216 967 1280 similes
988 1216 1167 1281 bominibus
1189 1237 1308 1299 caspa-

140 1319 278 1383 tantitns
300 1318 460 1382 dominnm
485 1339 594 1396 snam,
625 1318 750 1400 qnando
778 1321 888 1400 reniet,
918 1341 1040 1401 vespere
1070 1322 1117 1386 aet
1146 1343 1237 1386 mane
1264 1323 1311 1386 aet

138 1423 217 1506 padi
234 1427 327 1487 canta
340 1424 387 1488 aet
400 1423 505 1488 media
518 1427 618 1501 nacte,·
642 1446 704 1507 qua
720 1423 804 1488 enim
822 1424 901 1489 hora
916 1447 980 1489 non
996 1430 1188 1509 exspectant,
1203 1428 1309 1492 reniet
1324 1450 1348 1486 10

140 1527 317 1606 Dominus,
341 1533 369 1592 et
390 1529 418 1592 ei
438 1529 468 1592 si
490 1529 682 1609 apernerint‚
715 1529 795 1592 beati
815 1530 897 1594 serni
918 1529 980 1609 aar,
1004 1531 1079 1612 qnia
1100 1532 1216 1596 inverati
1237 1538 1310 1597 sant

141 1634 316 1717 pipilantes,
349 1634 499 1715 qnoniam
525 1635 703 1716 praecinpet
724 1654 756 1698 se
785 1638 812 1698 et
839 1633 935 1715 faciet
963 1635 1034 1699 idos
1064 1635 1253 1700 discumbere
1283 1641 1310 1700 et

89 1784 92 1823 :
141 1739 299 1803 transiens
313 1739 504 1802 ministrabit
521 1739 596 1803 iltis.
631 1739 659 1802 6.
684 1738 815 1821 Vipilate
828 1739 926 1820 ipitnr
940 1744 967 1804 et
981 1745 1073 1819 orate,
1090 1762 1129 1804 ne
1145 1740 1309 1805 dormiatis
1417 1763 1419 1767 ¹

140 1845 175 1908 in
197 1847 351 1922 mortem;
375 1865 439 1907 non
463 1843 546 1908 enim
568 1843 723 1906 iuvabunt
747 1864 801 1906 vos
824 1842 931 1925 priora
947 1848 1031 1909 recte
1046 1843 1140 1923 facta,
1163 1845 1191 1908 si
1206 1845 1240 1909 in
1255 1867 1310 1909 ax-

141 1950 252 2014 tremis
275 1949 388 2013 vestris
411 1971 430 2012 a
451 1948 512 2013 fide
536 1971 609 2013 vera
632 1948 862 2012 aberraveritis.
1324 1974 1349 2012 1⁵

230 2052 363 2118 XXXII.
401 2052 440 2118 In
462 2052 584 2116 ultimis
607 2052 691 2117 enim
710 2051 820 2116 diebus
835 2051 1134 2136 multiplicabuntur
1148 2052 1221 2118 falsi
1237 2076 1310 2138 pro-

141 2160 258 2243 phetae
281 2162 313 2223 et
335 2161 533 2241 corruptores
556 2157 726 2234 sermonis,
757 2162 789 2221 et
811 2160 1033 2223 convertentur
1060 2181 1132 2224 oves
1163 2160 1197 2222 in
1219 2158 1310 2242 lupos

143 2269 176 2328 et
197 2263 314 2328 caritas
336 2265 370 2326 in
393 2263 518 2339 odium3
542 2284 616 2326 nam
637 2261 848 2346 multiplicata
868 2263 1038 2347 iniquitate
1053 2265 1236 2350 refrigescet
1258 2285 1311 2328 ca·

144 2369 224 2434 ritas
247 2370 439 2444 multorum3
463 2368 606 2432 homines
622 2368 706 2432 enim
721 2367 899 2433 seinvicem
916 2369 987 2433 odio
1002 2369 1166 2434 habebunt
1189 2373 1220 2434 et
1239 2391 1311 2452 per·

143 2477 317 2559 sequentur
332 2476 363 2538 et
376 2473 520 2557 prodent.
566 2474 595 2536 2.
619 2472 667 2536 Αο
682 2476 758 2536 tuno
773 2473 938 2556 apparebit
960 2474 1046 2538 orbis
1071 2476 1226 2559 deceptor,
1248 2474 1311 2537 ini·
1326 2498 1351 2534 m

142 2580 244 2644 micus
266 2579 429 2656 veritatis3
460 2580 678 2662 propugnator
711 2576 878 2653 mendacii,
911 2600 1005 2661 quem
1037 2580 1152 2660 spirita
1174 2579 1240 2643 oris
1261 2580 1313 2642 sni

142 2685 303 2767 interficiet
324 2685 479 2749 Dominus
501 2683 605 2762 Iesus,
626 2682 694 2766 ⁴qui
712 2703 773 2763 per
796 2681 883 2746 tabia
904 2675 1058 2748 interimet
1079 2685 1222 2765 irreptare.
1268 2683 1313 2748 Et

142 2789 239 2854 multi
254 2789 435 2854 scandalum
450 2789 612 2872 patientur
626 2787 661 2850 in
677 2808 732 2864 e03
757 2787 811 2868 qni
825 2791 928 2851 antem
937 2791 1204 2868 perseveraverint
1217 2809 1314 2871 nspne

144 2897 180 2958 in
198 2895 300 2976 finem,
323 2895 357 2958 bi
379 2895 459 2960 satri
481 2898 578 2959 erant.
623 2894 652 2957 3.
678 2891 828 2975 Tuncque
851 2893 1017 2975 apparebit
1035 2893 1161 2977 signum
1177 2893 1238 2958 filii
1253 2895 1312 2958 ho-

148 2998 239 3064 minis
262 3000 296 3062 in
318 2998 414 3077 caelo,
438 2998 549 3062 deinde
569 2988 631 3062 vox
646 2996 741 3061 tubae
757 2997 818 3062 erit
827 3018 887 3078 per
902 2997 1120 3080 arctanpetnm
1144 3002 1176 3062 et
1191 2998 1312 3064 interea
1325 3021 1350 3058 rc

145 3103 344 3182 reviviscent,
369 3103 425 3186 qui
440 3103 652 3180 dormierunt3
676 3102 707 3166 4.
724 3104 756 3166 et
770 3104 846 3165 tunc
863 3102 967 3167 veniet
982 3101 1137 3168 Dominus
1153 3126 1189 3168 ac
1206 3126 1313 3168 omnes

146 3207 250 3270 sancti
272 3229 342 3271 cum
365 3229 401 3271 eo
423 3207 456 3269 in
479 3210 582 3270 terrae
604 3211 693 3271 motu
716 3229 809 3290 super
831 3208 930 3272 nubes
953 3228 1022 3272 cnm
1044 3210 1163 3292 appetis
1185 3210 1314 3274 virtutis

148 3331 225 3374 suae
247 3309 281 3373 in
302 3312 380 3376 solio
402 3311 512 3396 regni,
544 3314 580 3375 ut
602 3310 787 3376 condemnet
809 3312 895 3376 orbis
927 3311 1123 3396 deceptorem
1153 3314 1315 3379 diabolum

147 3419 176 3479 et
196 3413 304 3480 reddat
318 3417 485 3498 anienipne
499 3413 667 3479 secandam
682 3434 776 3495 opera
791 3416 865 3479 eins.
912 3417 940 3480 5.
966 3416 1054 3482 Tnnc
1080 3419 1210 3484 abibam
1238 3419 1315 3483 mat'

146 3520 269 3601 qnidem
289 3523 325 3585 in
347 3527 505 3586 aeternam
526 3519 722 3601 suppliciam,
745 3520 826 3593 insti
840 3525 942 3585 antem
956 3523 1045 3586 ibant
1058 3523 1094 3586 in
1108 3524 1205 3588 eitam
1219 3529 1315 3588 aeter-
1330 3545 1355 3581 30

145 3646 229 3705 nam,
253 3626 461 3691 hereditatem
484 3628 633 3690 adeuntes
657 3648 775 3706 eorum,
799 3647 876 3708 qnae
891 3627 999 3692 oentns
1013 3648 1077 3693 non
1092 3627 1170 3692 cidit
1184 3632 1211 3691 et
1226 3629 1317 3692 anris

145 3750 209 3793 non
232 3729 361 3808 andirit,
385 3737 412 3796 et
431 3734 467 3795 in
488 3752 540 3795 cor
558 3732 694 3795 bominis
708 3751 771 3794 non
787 3731 996 3812 ascenderant,
1020 3754 1100 3814 qnae
1111 3733 1317 3814 praepararit

148 3833 238 3899 Dens
261 3835 312 3914 eis,
337 3837 391 3916 qni
412 3836 546 3919 ditipnnt
567 3836 673 3916 ittnm;
700 3839 733 3899 et
755 3836 940 3921 gaudebunt
961 3837 996 3900 in
1018 3858 1116 3922 regno
1139 3835 1209 3916 Dei,
1232 3837 1316 3920 quod

149 3943 197 4004 est
220 3940 254 4003 in
277 3937 405 4005 Christo
426 3940 508 4006 lesa.

147 4093 190 4155 26,
208 4095 251 4149 41.
276 4092 362 4149 Marc.
382 4097 422 4160 14,
441 4097 483 4151 38.
779 4099 804 4151 4.
831 4101 877 4154 καὶ
894 4095 1055 4166 ἀποδοῦναι]
1073 4095 1176 4151 Matth.
1196 4097 1237 4157 16.
1256 4097 1299 4152 27.

181 4179 265 4247 XXX,
284 4185 307 4239 2.
335 4181 506 4253 desistant]
526 4184 575 4241 Ies.
591 4185 730 4253 11,4.-·
780 4187 804 4238 5.
833 4185 898 4241 τότε
916 4183 1126 4253 ἀπελεύσονται]
1151 4182 1253 4239 Matth.
1273 4185 1316 4247 25,

146 4266 172 4325 ot
190 4269 220 4326 a
236 4267 447 4340 ὑπομείναντες]
466 4269 570 4327 Matth.
588 4273 629 4337 24,
649 4272 689 4327 13.
728 4222 786 4342 t46.
807 4303 838 4311 -
859 4269 877 4330 d
895 4271 1055 4344 ὀφθαλμός]
1073 4271 1087 4325 Ι
1104 4271 1164 4329 Cor.
1183 4273 1209 4338 2,
1229 4273 1254 4326 9.

197 4374 278 4418 Docte.
294 4378 370 4426 apost.
385 4375 423 4417 ed.
435 4376 514 4417 ank.
1095 4379 1110 4432 '2
