2918 4890
326 355 551 412 smeronuu
570 339 835 413 nrcsroccauu
853 352 1046 423 xmu,1-e.
1233 364 1275 427 63

183 515 306 581 XVIII.
346 514 462 581 Omnes
486 517 626 582 oblocuti
648 520 741 581 sunt:
764 515 839 582 Non
862 519 949 598 duos,
972 520 1026 583 sed
1047 523 1132 597 trss3
1156 520 1273 605 viginti

91 623 182 687 enim
206 625 239 687 et
262 625 414 705 quattuor
434 628 511 687 sunt
534 623 682 703 seniores,
703 624 866 687 duodecim
885 625 1038 688 adextris
1059 629 1091 689 et
1106 624 1271 689 duodecim

91 749 113 790 a
139 727 288 790 sinistris,
334 727 364 791 2.
395 725 529 792 Ioannes
552 729 646 791 dixit:
674 728 760 793 B'ene
783 728 1010 807 admonuistis,
1035 728 1162 793 fratres.
1209 728 1270 805 Qui

90 831 181 897 enim
204 855 224 896 a
247 832 366 897 dextris
389 819 474 912 sunt,
498 834 686 918 accipientes
709 833 750 897 ab
765 832 965 918 archangelis
988 833 1112 917 phialas
1129 833 1267 898 offerunt
1358 900 1367 916 ,Ι

90 936 252 1015 Domino;
276 937 331 1021 qui
348 942 454 1002 autern
477 961 496 1001 a
519 938 666 1016 sinistris
688 942 841 1021 praesunt
855 937 1064 1007 multitudini
1073 938 1271 1023 angelorum.
1300 966 1311 1002 a

92 1042 123 1106 3.
151 1039 286 1125 Oportet
301 1043 402 1125 igitur
417 1043 618 1127 presbyteros
634 1045 699 1107 iam
715 1048 818 1108 aetate
833 1046 999 1128 provectos
1015 1065 1082 1108 esse
1096 1044 1130 1106 in
1143 1043 1271 1121 mundo,

91 1146 203 1231 aliquo
235 1146 429 1211 abstinentes
461 1149 554 1212 modo
585 1172 604 1212 a
633 1149 802 1213 mulierum
833 1148 1012 1228 consortio,
1043 1152 1211 1232 promptos
1234 1149 1274 1212 ad

94 1336 244 1392 notatione
256 1337 440 1406 praecedente
454 1342 581 1408 apparet,
597 1339 689 1447 interp
704 1341 773 1396 velit
796 1340 950 1396 sacerdotio
976 1340 1070 1410 fungi,
1101 1358 1156 1395 non
1184 1341 1274 1396 solum
1378 1327 1386 1345 ’

94 1423 217 1479 seniores
235 1424 336 1490 nonlfit
349 1423 505 1491 discrimen,
524 1427 571 1481 sed
586 1429 674 1483 senio-
702 1429 853 1497 praecepta
877 1426 1020 1497 superiora
1042 1429 1135 1480 servet
1158 1427 1274 1498 (scilicet

93 1527 139 1565 res
164 1509 268 1579 viginti
296 1512 431 1581 quattuor
458 1511 542 1567 simul
566 1531 674 1585 semper
702 1531 743 1580 ea,
762 1531 835 1584 quae
851 1514 999 1570 monachos
1008 1513 1184 1583 reliquosque
1196 1513 1274 1567 Chri*

94 1601 359 1654 commemorantur.
397 1599 437 1656 cf.
457 1603 539 1671 Apcc
559 1604 673 1666 4‚4.1o;
702 1603 808 1658 stiancs
827 1604 975 1673 spectant),
996 1601 1042 1657 sed
1056 1601 1169 1671 insuper
1182 1601 1219 1655 sit
1232 1619 1274 1656 so·

98 1687 123 1750 5,
144 1686 168 1740 8.
190 1687 235 1750 14;
256 1688 297 1753 11,
317 1688 347 1752 6;
367 1686 409 1753 19,
422 1690 447 1743 4.
485 1689 588 1744 Auctor
606 1689 675 1747 haec
701 1690 791 1754 brius,
811 1689 935 1752 sedulus,
959 1689 1083 1759 patiens,
1103 1690 1273 1750 mansuetus,

42 1779 44 1784 ’
96 1773 189 1843 igitur
213 1774 247 1828 de
272 1791 321 1830 suo
348 1775 468 1829 addidit.
504 1776 677 1846 Archangeli>
702 1778 891 1846 orphanorum
915 1779 944 1832 et
962 1793 1117 1846 pauperum
1135 1777 1163 1828 et
1181 1774 1273 1842 hospi-

93 1860 125 1914 in
144 1877 222 1916 sacro
245 1861 319 1917 libro
343 1879 394 1916 nec
417 1863 502 1918 semel
527 1864 673 1920 nominan·
701 1867 762 1918 tum
779 1866 807 1918 et
819 1865 954 1919 bonorum
968 1880 1075 1927 amans,
1090 1861 1209 1931 quietus,
1229 1861 1273 1913 fir·

94 1950 153 2002 tur.
189 1947 269 2003 Unde
287 1949 363 2003 clare
381 1952 476 2019 patet,
496 1951 604 2007 auctori
622 1951 673 2004 mi·
686 1998 688 2033 Ι
700 1969 761 2004 mus
782 1951 835 2005 fide
854 1954 882 2006 et
901 1944 1042 2004 sententia
1054 1953 1082 2005 et
1096 1950 1190 2015 verbo,
1210 1949 1272 2002 abs-

96 2053 150 2089 nus
168 2053 315 2090 numerum
333 2033 419 2095 εἴκοσι
438 2037 570 2114 τέσσαρες
587 2057 673 2108 quam
700 2039 792 2093 tinens
811 2056 828 2092 a
847 2038 975 2102 muliere;
995 2054 1109 2106 gregem
1128 2053 1163 2090 ne
1178 2037 1272 2105 negle-

95 2125 167 2180 duas
184 2129 280 2195 partes
299 2127 428 2195 aequales
446 2144 528 2182 curae
546 2128 638 2182 fuisse.
699 2128 758 2195 gat,
777 2143 812 2180 ne
824 2125 985 2195 quempiam
998 2125 1161 2187 exsecretur,
1180 2141 1272 2193 perso-

131 2213 157 2266 3.
179 2221 201 2266 t.
224 2212 289 2279 τοὺς
297 2213 517 2288 πρεσβυτέρουςι
530 2216 596 2269 ante
604 2215 673 2269 haec
699 2230 765 2266 nam
790 2230 825 2267 ne
844 2211 975 2281 accipiat,
1002 2227 1095 2267 omnes
1122 2213 1272 2280 coarguat;

95 2299 184 2354 verba
207 2299 237 2352 in
262 2299 354 2354 codice
381 2317 446 2370 pars
470 2302 562 2357 lineae
586 2303 672 2357 tertia
698 2317 734 2354 ne
758 2301 834 2354 sinat
858 2300 948 2353 ullam
973 2300 1127 2354 scabiosam
1152 2299 1182 2352 in
1205 2299 1273 2355 ovili

96 2401 164 2440 rasa
176 2388 226 2449 est,
239 2387 402 2456 Hilgenfeld
414 2389 574 2458 praemittit
586 2390 628 2448 mi
637 2423 670 2431 —
698 2406 785 2454 ovem,
797 2388 845 2443 sed
853 2405 902 2458 per
914 2386 1120 2457 paenitentiam
1132 2403 1194 2440 earn
1207 2405 1271 2456 pur-

95 2478 141 2531 δεῖ
152 2467 279 2531 calcedam
289 2476 354 2543 τοὺς
365 2478 578 2552 πρεσβυτέρους]
600 2479 671 2544 Qua·
698 2480 756 2546 get,
769 2479 854 2546 atque
862 2476 905 2529 ita
917 2475 948 2528 in
958 2474 1031 2530 ovile
1040 2473 1172 2542 recipiat;
1192 2474 1270 2536 sciat,

96 2561 138 2616 les
162 2563 339 2631 presbyteros
364 2567 474 2636 proprie
499 2566 588 2622 dictos
614 2585 671 2622 esse
698 2583 751 2634 quo
779 2567 862 2633 pacto
889 2563 1014 2632 singulos
1042 2577 1169 2630 pascere,
1199 2577 1271 2629 quae

96 2651 234 2718 oporteat,
254 2655 366 2719 praeter
384 2655 525 2708 auctorem
544 2657 671 2709 nostrum
697 2653 849 2721 praecepta
881 2649 985 2710 viduis.
1016 2667 1089 2717 quae
1119 2648 1270 2712 monachis,

98 2736 215 2790 saeculis
235 2740 326 2794 tribus
343 2741 482 2810 prioribus
500 2742 671 2812 Polycarpus
697 2755 769 2807 quae
787 2737 879 2800 laicis,
898 2752 969 2804 quae
988 2735 1193 2789 catechumenis
1213 2738 1270 2788 tra·

97 2823 173 2878 solus
193 2825 223 2879 in
234 2827 358 2896 epistula
371 2829 406 2882 ad
420 2829 610 2900 Philippenses
623 2832 671 2884 ab
698 2826 762 2880 dere
790 2824 892 2878 debeat
919 2825 970 2877 etc.
998 2853 1031 2861 -
1061 2823 1271 2894 κεχρονικότας]

98 2914 222 2982 exponit,
241 2918 400 2986 ceteroquin
419 2918 455 2972 ab
472 2917 518 2981 iis,
537 2934 609 2986 quae
627 2917 672 2970 hic
698 2913 802 2983 Synodi
820 2914 926 2966 veteres
946 2911 1112 2973 decernunt,
1139 2912 1207 2964 ante
1226 2927 1270 2963 ae·

98 3001 248 3070 leguntur,
281 3004 356 3058 haud
387 2998 496 3074 parum
514 3007 669 3076 divergens.
697 3005 788 3056 tatem
819 2998 941 3069 triginta
967 3016 1104 3052 annorum
1133 2995 1272 3050 neminem

99 3087 170 3142 Mihi
187 3089 300 3158 quidem
313 3090 482 3161 Polycarpus
500 3094 519 3150 l,
533 3111 554 3148 c.
568 3094 602 3148 de
613 3094 671 3147 illis
699 3088 893 3158 presbyterum
906 3085 1083 3155 (Neocaesar.
1093 3100 1115 3137 c.
1126 3084 1157 3137 ll
1177 3082 1271 3137 Aurel.

100 3175 191 3231 dicere
210 3177 335 3242 videtur,
360 3197 416 3234 non
440 3180 474 3235 de
492 3181 670 3250 presbyteris·
700 3179 750 3231 538
768 3194 789 3230 c.
809 3179 836 3245 6)
855 3177 905 3229 aut
924 3173 1080 3242 episcopum
1101 3171 1145 3225 vel
1158 3170 1271 3239 presby-

100 3262 244 3334 episcopis,
256 3267 287 3318 ut
297 3266 430 3322 Harnack
438 3272 538 3323 censet.
569 3269 671 3322 Paulus
700 3266 792 3319 terum
810 3264 924 3332 (Agath.
945 3264 995 3317 506
1009 3278 1031 3314 c.
1044 3262 1084 3314 17.
1104 3260 1272 3313 Arelat524

98 3350 200 3407 lTim.
227 3354 259 3418 2,
277 3355 340 3408 2-7
367 3357 395 3408 et
419 3355 472 3410 Tit.
499 3357 525 3420 1,
546 3359 613 3410 5-9
638 3356 672 3409 de
698 3369 721 3405 c.
735 3350 957 3422 l)ordinandum
972 3365 1036 3404 esse.
1060 3348 1165 3402 Auctor
1178 3341 1272 3401 noster

99 3439 233 3509 episcopis
251 3442 295 3494 vel
309 3442 343 3496 de
355 3443 672 3513 presbyteris-episcopis
699 3441 823 3493 aetatem
841 3438 977 3493 maiorem
991 3435 1178 3506 praescribere
1197 3433 1272 3488 vide-

98 3526 177 3596 ῦείὖ,
196 3526 271 3582 inter
289 3529 429 3598 episcopos
448 3532 477 3584 et
495 3531 671 3600 presbyteros
700 3529 753 3580 tur.
781 3525 1000 3580 constitutiones
1011 3523 1199 3594 apostolorum
1211 3522 1269 3585 Π,1

100 3632 157 3670 non
176 3614 341 3671 discernens.
374 3617 477 3674 Auctor
490 3617 671 3675 Constitutio-
699 3613 812 3676 volunt,
840 3615 873 3666 ut
897 3613 1041 3683 episcopus
1064 3611 1272 3680 quinquaginta

99 3720 166 3755 num
180 3705 369 3772 apostolorum
382 3704 416 3759 de
428 3705 598 3774 presbyteris
610 3705 671 3775 plu·
699 3717 786 3754 annos
804 3702 888 3753 natus
906 3699 951 3753 sit.
975 3729 1010 3738 -
1035 3698 1130 3772 τρόπῳ
1149 3699 1202 3752 τινὶ
1222 3694 1271 3751 ἀπ-

101 3788 178 3844 ribus
196 3790 263 3846 locis
281 3792 364 3855 dicit;
388 3793 485 3861 quales
509 3796 604 3849 autem
627 3809 671 3848 eos
699 3789 847 3863 εχομένους
858 3788 928 3857 xri]
944 3789 1056 3842 Pbrasis
1069 3787 1164 3859 τρόπῳ
1177 3785 1231 3839 τινί
1241 3782 1272 3836 in

101 3879 230 3946 oporteat
249 3895 313 3941 esse.
333 3897 470 3948 nusquam
487 3880 618 3934 distincte
630 3880 671 3932 di·
699 3877 952 3933 Constitutionibus
978 3859 1169 3944 apostolorum
1194 3871 1234 3933 Il,
1257 3872 1269 3923 l

100 3966 147 4019 cit.
178 3964 451 4022 Pseudcathanasics
470 3984 535 4022 vero
553 3967 671 4021 velauc-
699 3967 727 4018 et
745 3963 821 4028 111‚1
841 3962 954 4032 legitur.
990 3959 1272 4028 Hernaekinterpre-

100 4054 145 4106 tor
151 4051 348 4122 Syntagmatis
357 4054 671 4123 doctrinaecsslMigne,
699 4052 792 4104 tatur:
805 4050 1001 4105 convenienter
1015 4047 1059 4117 (=
1071 4045 1143 4102 κατὰ
1154 4047 1271 4118 τρόπον)

100 4138 177 4194 Patr.
200 4158 242 4209 gr.
266 4143 286 4196 t.
305 4145 339 4196 28
364 4161 391 4212 p.
415 4144 477 4212 843)
503 4142 672 4211 presbyteris
699 4141 728 4192 et
738 4140 838 4201 censet,
852 4133 1021 4206 presbyteris
1030 4132 1200 4189 consortium
1213 4151 1272 4186 mu-

100 4232 250 4299 praecepta
274 4229 448 4285 accuratiora
472 4229 530 4283 dat.
572 4227 673 4282 Scribit
700 4225 799 4278 lierurn
818 4225 903 4294 plane
921 4221 1117 4284 interdictum,
1138 4221 1272 4291 episcopis

100 4313 188 4370 enim:
208 4314 238 4369 Si
252 4318 378 4373 sacerdos
390 4315 528 4386 quispiam
542 4317 671 4370 accurate
699 4315 729 4366 et
738 4312 861 4368 diaconis
871 4313 907 4366 ab
919 4312 1030 4365 auctore
1039 4325 1198 4364 concessum
1207 4324 1272 4363 esse.
