2918 4890
142 292 234 363 XXX
591 290 873 353 Paonceonnnn.

139 457 255 520 amoris
270 456 331 521 Dei
354 479 390 521 ac
405 457 562 540 proximi,
587 479 667 540 quae
689 457 723 520 in
745 456 803 521 illo
825 456 993 540 leguntur,
1019 457 1187 542 coniungit
1210 479 1311 540 eaque

141 567 304 645 praeterea
319 563 448 627 vocibus
464 572 587 646 πρῶτον
612 567 643 627 et
666 561 811 644 δεύτερον
834 561 965 643 inducit,
989 584 1059 626 cum
1083 561 1185 626 Vetus
1202 560 1314 624 Testa-

138 671 278 730 mentum
303 667 353 730 his
377 667 505 731 vocibus
533 690 596 731 non
619 671 730 731 utatur
754 671 785 731 et
807 667 958 730 mandata
989 667 1120 732 diversis
1150 667 1228 730 locis
1259 687 1314 729 ex-

138 771 258 835 hibeat,
305 770 425 846 Quibus
449 773 607 837 mandatis
632 776 742 836 auctor
765 772 909 856 regulam
934 795 1028 855 quam
1052 772 1161 836 dicunt
1184 792 1313 834 auream

139 875 227 939 addit
250 880 281 939 et
305 876 430 959 quidem
454 876 500 939 ita
523 898 713 959 expressam,
738 880 774 939 ut
797 875 898 958 ipsam
916 898 1042 959 quoque
1059 899 1075 941 e
1090 875 1183 940 Novo
1200 872 1312 938 Testa-

139 985 247 1045 mento
267 981 495 1065 deprompsisse
518 981 678 1063 putandus
699 981 750 1045 sit.
789 978 856 1043 Nec
872 1002 946 1044 vero
960 980 1022 1045 hoc
1038 981 1141 1045 solum
1157 979 1314 1064 originem

139 1085 312 1168 scripturae
344 1085 550 1149 christianam
578 1085 707 1168 probat,
741 1085 794 1149 sed
828 1085 925 1149 etiarn
954 1086 1016 1149 alia
1046 1109 1104 1151 res.
1150 1084 1314 1162 Quomodo

143 1188 288 1271 Iudaeus,
312 1192 339 1254 si
355 1191 542 1255 Doctrinam
566 1189 801 1271 composuisset,
819 1189 946 1254 fecisset
961 1191 1136 1270 exordium,
1159 1189 1250 1254 testis
1267 1191 1314 1252 est

139 1294 456 1380 Pseudophoeylides,
484 1295 539 1378 qui
562 1295 671 1358 eodem
693 1294 759 1358 fere
783 1294 868 1374 loeo,
901 1318 963 1379 quo
987 1295 1140 1360 Doctrina
1165 1294 1314 1357 mandata

140 1400 203 1463 tria
225 1401 413 1483 principalia
435 1399 606 1482 proponit,
630 1399 722 1462 modo
748 1400 896 1463 mandata
920 1399 1025 1464 V-X
1046 1400 1199 1483 Decalogi
1222 1420 1314 1481 prae-

141 1505 281 1584 mittens,
305 1504 455 1568 lectorem
479 1504 676 1582 adhortatur,
704 1506 738 1566 ut
753 1504 891 1587 primum
907 1503 1009 1568 Deum
1032 1505 1177 1582 honoret,
1202 1501 1313 1565 deinde

140 1612 296 1691 parentes.
343 1609 393 1672 En
418 1607 618 1672 Christianus
642 1612 673 1671 et
689 1606 840 1672 Iudaeus!
875 1608 934 1674 Ille
950 1632 968 1672 a
986 1609 1143 1674 mandatis
1158 1608 1223 1672 illis
1239 1628 1314 1689 pro·

144 1711 313 1791 ficiscitur,
341 1734 422 1795 quae
450 1710 537 1775 Iesus
561 1709 705 1776 Christus
728 1712 845 1778 Matth.
867 1713 969 1793 7,12;
994 1715 1050 1794 22,
1068 1713 1196 1777 37-39
1227 1734 1314 1775 sum-

140 1839 225 1879 mam
241 1817 321 1901 legis
346 1839 381 1880 ao
397 1817 624 1899 prophetarum
648 1817 836 1896 declaravit;
860 1819 912 1882 hic
934 1842 953 1883 a
968 1819 1143 1903 praeceptis
1159 1817 1314 1900 Decalogi

142 1925 238 2005 atque
265 1923 309 1986 eis
331 1922 534 2004 praesertim,
563 1923 699 2005 quaein
723 1923 841 1987 tabulis
864 1923 944 2008 legis
967 1921 1093 1988 Veteris
1117 1919 1314 1986 Testamenti

143 2026 281 2108 primum
305 2025 408 2088 locum
431 2026 585 2090 obtinent.
625 2026 725 2091 Porro
742 2032 853 2092 auctor
869 2030 935 2107 2,2
960 2028 1087 2112 scripsit
1108 2027 1195 2091 haud
1218 2025 1314 2089 dubie

143 2130 311 2214 respiciens
321 2130 437 2197 Matth.
454 2132 569 2211 19,18.
603 2131 725 2196 Deinde
742 2132 799 2212 5‚1
823 2134 963 2217 quinque
978 2136 1107 2217 peccata
1122 2153 1314 2196 commemo·

143 2238 264 2315 rantur,
278 2257 368 2319 quae,
386 2237 555 2320 etquidem
571 2237 605 2300 in
621 2237 729 2301 eodem
741 2237 859 2318 ordine,
873 2260 1066 2321 quamquam
1081 2235 1235 2300 nonnulla
1251 2235 1316 2298 alia

141 2339 369 2420 intermiscens,
392 2339 574 2406 Matthaeus
588 2343 638 2421 15,
657 2343 697 2405 19
721 2347 893 2407 enumerat,
929 2343 1016 2418 Quae
1040 2343 1175 2426 denique
1191 2342 1221 2421 2,
1233 2338 1258 2404 7‘
1276 2341 1314 2405 de

141 2466 248 2508 amore
263 2446 399 2528 proximi
423 2450 455 2510 et
472 2447 502 2525 4,
519 2447 558 2510 10
582 2447 619 2511 de
635 2448 798 2512 vocatione
812 2448 979 2511 hominum
995 2448 1153 2525 dicuntur,
1177 2468 1213 2510 ea
1228 2449 1313 2509 certe

141 2548 317 2613 doctrinam
341 2550 565 2634 evangelicam,
588 2574 691 2634 neque
713 2575 788 2616 vero
803 2553 960 2617 iudaicam
976 2553 1115 2636 sapiunt.
1162 2550 1250 2614 Haec
1273 2550 1313 2613 ad

140 2654 330 2718 sententiam
353 2655 442 2719 illam
465 2655 665 2720 refutandam
689 2656 741 2720 hie
760 2657 933 2720 sufficiunt,
971 2655 1136 2721 Nonnulla
1153 2654 1233 2718 aliae
1249 2654 1314 2717 ori-

142 2860 349 2868 n———-

211 3002 300 3072 [Duae
318 3000 381 3056 viae
398 2999 535 3071 iudaicae]

236 3087 266 3141 in
285 3088 400 3246 diverslis
419 3087 516 3142 formis

140 3263 286 3404 Barntbas

392 3470 488 3525 Prima
507 3468 629 3524 recensio

384 3550 535 3605 Doctrinae
553 3551 643 3616 apost.

140 3813 260 3866 Latinus
428 3723 537 3866 Canon.¹
551 3811 643 3865 eccles.
805 3724 931 3867 Secundi
942 3813 1063 3867 recensio

806 3889 956 3946 Doctrinae
974 3892 1063 3960 apost.

592 4150 656 4206 cod.
670 4150 816 4206 Constant.
1092 4153 1209 4208 constit.
1224 4158 1313 4224 apost.

1138 4241 1188 4294 lib.
1207 4240 1268 4298 VII.
