2918 4890
354 301 539 357 DOCTRINA
560 268 747 357 DDODECIM
766 303 1038 359 APOSTOLORUM.
1199 309 1286 374 XLV

110 461 286 542 micidium,
310 463 344 547 2)
368 463 537 528 fornicatio
561 468 592 527 et
611 464 812 543 adulterium,
837 464 871 546 3)
887 465 1077 546 idololatria,
1101 468 1135 548 4)
1151 466 1285 546 furtum,

107 566 142 648 5)
168 567 377 650 blasphemia,
400 573 432 632 et
455 569 589 652 singulis
612 569 690 632 bina
713 572 841 651 peccata
865 569 913 633 vel
936 573 1094 634 temaseu
1119 577 1284 654 quaterna,

105 691 180 733 cum
204 673 340 736 secundo
362 673 431 736 loco
454 672 515 736 duo
539 676 571 736 et
592 696 820 757 nonnunquam
842 674 905 737 tria
920 679 1049 758 peccata
1063 676 1147 741 inter
1162 700 1195 741 se
1210 700 1283 761 pro·

106 776 231 860 pinqua
254 800 317 841 una
340 782 573 856 enumerentur,
597 782 750 861 tanquam
768 779 887 843 radices
903 780 1161 863 praemittuntur.
1207 781 1284 846 Pec-

106 884 180 944 cata
204 886 310 946 autem
332 881 389 945 illa
404 883 595 966 respondent
616 883 774 946 mandatis
798 885 828 961 2,
845 885 930 948 2-3
955 886 1145 968 propositis3
1173 887 1204 968 1)
1220 910 1284 951 non

108 985 250 1063 occides3
275 985 309 1068 2)
333 1008 396 1050 11011
420 986 611 1050 adulterium
636 986 751 1066 facies,
775 1009 838 1051 non
861 1011 974 1071 pueros
998 1012 1196 1073 corrumpes,
1220 1015 1283 1055 non

105 1089 335 1168 fornicaberis;
359 1091 393 1173 3)
417 1113 481 1154 non
504 1091 679 1169 furaberis;
704 1092 739 1174 4)
764 1113 826 1155 non
851 1093 1047 1169 incantabis3
1074 1096 1106 1178 5)
1131 1118 1195 1159 non
1212 1118 1284 1178 per·

109 1194 241 1259 iurabis.
288 1193 434 1278 Utroque
456 1197 558 1280 igitur
573 1197 641 1259 loco
658 1197 766 1261 eadem
782 1201 910 1280 peccata
925 1200 1047 1263 maiora
1063 1201 1094 1263 in
1113 1201 1284 1285 eodemque

108 1300 219 1364 ordine
242 1305 486 1379 enumerantur3
521 1302 614 1364 modo
637 1306 765 1384 peccata
787 1302 986 1367 idololatriae
1015 1308 1046 1368 et
1076 1304 1155 1368 furti
1178 1306 1283 1370 inver-

106 1409 231 1484 tuntur,
256 1405 288 1469 id
312 1407 396 1489 quod
419 1405 554 1469 fortasse
576 1406 650 1470 inde
673 1406 891 1490 explicandum
916 1412 973 1487 est,
997 1409 1080 1491 quod
1104 1411 1181 1473 ordo
1196 1411 1284 1493 prior

107 1509 159 1574 vel
183 1512 213 1588 2,
238 1512 324 1574 2-3
348 1510 509 1574 exhibitus
532 1509 562 1574 S.
587 1510 751 1594 Scriptura
766 1516 906 1576 statutus
922 1518 999 1592 erat,
1023 1514 1204 1580 idololatria
1226 1539 1283 1579 au·

108 1621 185 1695 tem,
209 1639 307 1679 unum
324 1617 480 1680 extribus
495 1617 631 1699 peccatis
648 1618 795 1681 ecclesiae
810 1620 925 1683 veteris
938 1619 1137 1702 capitalibus,
1162 1622 1282 1684 auctori

108 1721 240 1805 gravius
264 1721 382 1784 crimen
412 1742 479 1785 esse
509 1722 674 1785 videbatur
698 1745 793 1805 quam
817 1722 948 1786 furtum.
995 1723 1184 1808 ceteroquin
1208 1727 1238 1803 5,
1265 1727 1281 1789 1

107 1826 231 1889 furtum
262 1849 361 1910 aeque
390 1848 426 1890 ao
450 1826 480 1904 2,
505 1827 525 1888 2
555 1831 628 1891 ante
658 1826 871 1891 idololatriam
905 1829 954 1892 vel
985 1829 1123 1913 magiam
1154 1830 1280 1913 legitur.

107 1929 145 1995 In
169 1932 266 1995 tertia
288 1931 423 2014 denique
445 1937 536 2015 parte
559 1934 589 2008 3,
614 1933 710 2012 7-4,
737 1934 777 1996 14
808 1934 911 1997 forma
942 1934 1029 2017 prior
1051 1935 1167 1998 iterum
1190 1936 1281 1998 adhi-

107 2037 212 2116 betur,
236 2037 387 2101 mandata
409 2040 515 2101 autem
539 2061 601 2102 uon
625 2039 728 2102 solum
751 2040 899 2123 negative
922 2040 1158 2122 exprimuntur,
1190 2043 1282 2103 utin

107 2143 253 2226 partibus
277 2142 399 2206 duabus
421 2145 699 2227 praecedentibus,
731 2145 784 2207 sed
808 2145 904 2209 etiam
927 2145 1079 2228 positive,
1112 2147 1203 2209 utin
1228 2168 1281 2209 ex-

107 2248 278 2331 plicatione
293 2247 405 2331 prima.
446 2247 576 2313 Summa
591 2248 691 2331 partis
707 2248 785 2312 haec
801 2253 856 2312 est.
891 2247 998 2313 Primo
1013 2247 1082 2312 loco
1098 2249 1143 2332 (3,
1161 2250 1282 2330 7-10)

109 2354 260 2438 leguntur
282 2353 388 2417 officia
405 2352 578 2417 Christiani
602 2375 679 2438 erga
694 2376 726 2416 se
741 2354 864 2436 ipsum;
889 2353 1024 2417 secundo
1048 2352 1209 2439 (4,1-4)
1233 2354 1282 2418 of·

107 2458 179 2522 ficia
202 2478 279 2542 erga
303 2458 482 2536 ecclesiam,
515 2480 585 2521 cum
609 2459 806 2542 praepositos
829 2464 898 2521 tum
922 2459 1000 2522 alios
1024 2459 1154 2536 fratres3
1187 2461 1282 2523 tertio

108 2563 153 2646 (4,
178 2562 277 2645 5-8)
301 2562 406 2626 officia
429 2584 505 2647 erga
528 2585 699 2646 pauperes;
727 2569 842 2646 quarto
865 2565 909 2646 (4,
934 2563 1055 2646 9-11)
1079 2563 1184 2627 officia
1206 2586 1283 2648 erga
1362 2605 1365 2612 -

106 2667 273 2746 familiam,
297 2666 380 2731 filios
404 2671 435 2730 et
458 2689 583 2747 servos,
612 2690 837 2751 servorumque
860 2668 999 2732 officium
1024 2690 1100 2752 erga
1123 2668 1281 2747 domiuos;

107 2774 221 2856 quinto
245 2772 379 2856 denique
403 2774 447 2856 (4,
475 2774 615 2856 12-14)
644 2778 812 2856 praecepta
835 2773 988 2837 nonnulla
1010 2774 1171 2858 generalia
1191 2773 1281 2836 exhi-

106 2879 233 2955 bentur,
258 2877 425 2962 praecipue
447 2879 609 2942 devitandi
632 2901 724 2943 omne
749 2880 832 2962 quod
857 2901 919 2942 non
943 2880 1046 2963 placet
1068 2879 1146 2956 Dec,
1174 2882 1280 2941 custo-

108 2983 213 3047 diendi
248 2984 397 3046 mandata
420 2983 550 3048 Domini
583 3006 618 3048 ao
640 2984 811 3048 confitendi
834 2987 961 3067 peccata
987 2984 1021 3046 in
1043 2983 1181 3047 ecclesia.
1217 2982 1280 3046 De·

107 3089 226 3172 scripta
249 3088 301 3151 via
323 3089 408 3152 vitae
431 3091 599 3172 exponitur
622 3112 646 3153 c.
670 3091 689 3152 5
713 3090 765 3152 via
787 3090 909 3152 mortis.
956 3088 1279 3151 Animadvertendum

105 3197 164 3272 est,
187 3193 281 3256 initio
304 3194 412 3256 eadem
434 3198 562 3277 peccata
577 3194 725 3277 graviora
747 3193 828 3257 etin
845 3193 953 3256 eodem
966 3192 1075 3255 ordine
1092 3192 1279 3270 enumerari,

106 3320 188 3382 quae
212 3298 278 3374 2,2
302 3302 333 3361 et
358 3298 467 3361 ordine
489 3298 662 3382 paullisper
682 3302 805 3361 mutato
821 3299 851 3376 3,
877 3298 960 3359 2-5
977 3297 1137 3381 leguntur,
1162 3297 1280 3360 scilicet

108 3402 140 3484 1)
164 3401 352 3480 homicidia,
384 3403 418 3485 2)
442 3401 617 3480 adulteria,
641 3401 819 3486 cupidines,
850 3400 1091 3480 fornicationeS,
1127 3402 1160 3483 3)
1183 3401 1279 3479 furta,

106 3508 140 3591 4)
154 3506 354 3571 idololatriae
365 3511 397 3571 et
411 3507 544 3591 magiae.
584 3506 806 3591 Blasphemiae
823 3511 939 3585 autem,
956 3529 1036 3590 quae
1053 3508 1082 3584 3,
1097 3508 1116 3568 6
1133 3506 1279 3569 distincte

105 3615 138 3674 et
160 3613 227 3691 2,3
251 3612 354 3675 verbis
378 3613 437 3674 οὐκ
461 3610 658 3695 ἐπιορκήσεις
681 3633 830 3694 expressa
853 3615 910 3690 est,
934 3611 986 3674 hio
1010 3633 1074 3674 non
1090 3611 1225 3694 amplius
1241 3609 1279 3672 fit

107 3715 237 3780 mentio.
284 3715 448 3780 Postremo
472 3717 571 3781 lector
593 3737 619 3780 c.
645 3716 664 3777 6
688 3720 844 3794 monetur,
868 3737 908 3779 ne
931 3716 971 3779 ab
986 3716 1046 3779 hao
1061 3716 1205 3779 doctrina
1221 3715 1278 3777 ab·

105 3821 249 3900 ducatur,
273 3825 319 3899 ut,
343 3821 457 3884 sinon
480 3824 583 3885 totum
601 3820 730 3883 Domini
753 3821 864 3904 iugum
888 3822 988 3904 possit
1004 3825 1140 3905 portare,
1165 3820 1278 3883 saltem

106 3926 214 4003 faciat,
231 3925 384 4009 quidquid
401 3925 511 4009 possit,
528 3925 657 3989 omnino
673 3929 780 3988 autem
796 3926 836 3988 ab
849 3926 1022 3990 immolatis
1038 3925 1278 3988 simulacrorum

104 4031 273 4096 abstineat.

194 4134 344 4200 Sermone
373 4135 556 4220 baptismali
587 4137 679 4201 finito
711 4142 820 4202 auctor
848 4160 872 4204 c.
898 4138 916 4201 7
942 4137 1088 4222 exponit,
1120 4135 1276 4219 quomodo

104 4241 281 4327 baptismus
314 4241 581 4308 administrandus
604 4244 655 4307 sit.
702 4242 822 4308 Deinde
845 4244 907 4308 o.8
931 4244 968 4307 de
990 4242 1115 4306 ieiuniis
1139 4239 1275 4323 disserit,
