2918 4890
136 282 262 347 XXXII
584 277 865 334 Pnonnoonnnn.

138 463 201 504 non
232 462 339 504 omnes
370 440 494 524 quidem
519 438 671 503 iudicium
702 439 785 503 idem
808 438 924 502 ferunt.
970 435 1127 499 Nonnulli
1151 455 1235 498 anno
1259 434 1317 497 de-

137 567 223 608 mum
249 546 309 607 120
333 544 407 623 fere,
431 543 486 607 alii
508 544 572 607 iam
595 545 679 608 circa
700 565 800 608 annos
817 544 945 607 70-80
968 564 1036 606 eam
1061 543 1225 605 exaratam
1246 560 1345 627 esse·

138 652 275 712 censent.
303 647 394 712 ¹Mea
416 648 573 712 sententia
595 648 733 731 epistula
756 644 863 710 Nerva
886 646 1076 729 imperatore
1107 643 1157 709 vel
1188 643 1316 708 saeculo

139 751 154 815 l
178 756 311 817 exeunte
335 753 453 835 scripta
476 756 532 816 est.
572 750 618 817 Of.
643 774 724 835 quae
747 751 832 814 intra
855 752 893 815 de
916 751 1071 832 epistulae
1089 752 1236 832 tempore
1247 748 1318 811 dis·

137 858 257 940 putavi.
304 855 360 920 Sin
384 879 433 920 res
456 857 503 919 ita
525 878 557 919 se
580 856 688 934 habet,
713 855 867 919 Doctrina
883 855 1101 938 apostolorum
1124 857 1198 918 ante
1217 853 1316 916 linem

137 961 254 1024 saeculi
276 959 293 1025 I
316 965 427 1025 exorta
450 964 506 1025 est.
547 959 632 1036 Quot
654 963 760 1022 autem
786 960 877 1022 annis
901 963 995 1024 antea
1019 959 1163 1023 confecta
1184 957 1236 1034 sit,
1261 979 1317 1020 ac-

137 1069 245 1129 curate
268 1064 392 1129 definiri
415 1065 536 1148 nequit,
561 1067 593 1128 et
613 1063 668 1126 alii
692 1063 785 1128 aliter
806 1063 1035 1130 iudicaverunt.

224 1169 260 1234 P.
284 1169 491 1250 Sabatier1),
523 1169 724 1232 considerans
757 1169 837 1232 ritus
869 1169 1021 1252 baptismi
1049 1173 1081 1234 et
1104 1167 1317 1233 eucharistiae

140 1273 401 1356 simplicissimos,
425 1295 557 1337 munera
581 1272 790 1337 ecclesiastica
814 1277 941 1356 praeter
964 1295 999 1337 ac
1016 1275 1105 1337 iuxta
1120 1273 1317 1336 charismata

139 1375 254 1441 exoriri
276 1379 461 1462 incipientia
483 1381 580 1461 atque
595 1377 809 1441 characterem
832 1382 868 1440 ut
883 1381 977 1460 putat
991 1378 1160 1456 iudaicum,
1184 1376 1316 1440 Doctri-

138 1505 213 1545 nam
235 1483 299 1546 iam
323 1480 485 1546 saeouloI
516 1482 619 1546 medio
650 1482 861 1565 conscriptam
893 1506 960 1547 esse
990 1488 1092 1567 putat.
1138 1481 1316 1558 Quomodo,

139 1587 255 1669 inquit,
280 1584 435 1650 saeculoI
458 1590 592 1650 exeunte
613 1585 747 1671 liturgia
770 1590 837 1650 tam
860 1587 993 1670 simplex
1016 1588 1167 1652 constitui
1182 1585 1315 1670 potuit?

140 1690 303 1765 Quomodo
334 1692 491 1774 scriptura
521 1691 582 1755 hoc
603 1694 743 1775 tempore
773 1692 916 1757 confecta
938 1715 1002 1757 non
1025 1692 1218 1757 mentionem
1241 1689 1315 1753 fieri

142 1795 362 1878 explicandum
385 1800 434 1861 est
460 1797 639 1860 litterarum
662 1797 1012 1877 commendatitiarum,
1042 1819 1143 1881 neque
1165 1817 1315 1874 uxorum,

142 1922 222 1982 quae
245 1904 314 1964 tum
338 1901 489 1984 temporis
512 1901 605 1964 rebus
629 1901 847 1966 ecclesiasticis
869 1906 1035 1986 tantopere
1051 1903 1232 1979 studebant,
1257 1920 1316 1962 ne·

142 2027 204 2087 que
227 2005 327 2068 osculi
349 2006 435 2088 pacis
458 2027 559 2089 neque
582 2007 717 2069 aliarum
740 2029 863 2087 rerum,
896 2031 975 2091 quas
998 2009 1031 2071 in
1054 2008 1136 2072 libro
1160 2002 1317 2071 eiusmodi

144 2113 325 2191 exspectare
348 2110 443 2174 licet?
482 2109 645 2186 Quomodo
669 2114 785 2191 cirtem,
808 2112 940 2196 inquam
956 2134 1024 2198 ego,
1048 2112 1099 2175 his
1116 2107 1316 2194 argumentis

145 2235 274 2295 prorsus
297 2213 362 2277 fere
377 2217 534 2299 negativis
550 2217 717 2299 scriptura·
729 2217 769 2280 ad
784 2218 942 2281 saeculum
958 2217 974 2282 I
996 2218 1133 2282 medium
1150 2214 1316 2280 referenda

140 2323 211 2383 est?
249 2317 365 2383 Nonne
387 2321 517 2404 insuper
541 2321 694 2404 quaedam
717 2320 833 2385 indicia
856 2327 979 2407 tempus
996 2323 1152 2408 posterius
1176 2319 1314 2383 dilucide

139 2424 298 2505 produnt,
326 2425 511 2507 praesertim
542 2447 595 2503 ea,
628 2448 708 2508 quae
740 2425 777 2488 de
800 2428 951 2509 apostolis
974 2431 1005 2492 et
1029 2426 1218 2492 Christianis
1241 2423 1314 2487 aliis

142 2528 328 2611 recipiendis
345 2528 411 2615 (10,
428 2531 458 2593 4,
472 2531 506 2604 5;
531 2530 584 2612 12)
609 2531 691 2593 etde
707 2531 871 2614 prophetis
887 2533 1095 2596 diiudicandis
1112 2530 1179 2610 (10,
1191 2526 1313 2612 7-12)

142 2632 305 2712 dicuntur,
337 2656 373 2698 ac
402 2634 518 2698 notitia
548 2633 701 2697 librorum
733 2633 818 2697 Novi
840 2634 1053 2715 Testamenti,
1085 2635 1179 2719 quam
1204 2636 1316 2697 auctor

139 2736 288 2801 habuisse
325 2739 474 2802 videtur?
512 2738 609 2803 Locos
644 2762 768 2818 omnes,
801 2762 879 2822 quos
911 2763 928 2804 e
962 2739 993 2804 S.
1026 2740 1190 2824 Scriptura
1224 2760 1314 2820 repe-

140 2842 254 2919 timus,
284 2843 495 2906 etraditione
525 2842 604 2906 orali
636 2842 767 2906 haustos
798 2833 864 2907 esse
893 2843 1023 2907 minime
1054 2849 1101 2908 est
1132 2828 1313 2908 verisimile.

143 2943 231 3020 Quae
254 2945 399 3012 Sabatier
422 2947 556 3031 denique
586 2949 623 3012 de
646 2949 829 3013 muneribus
853 2951 1040 3014 ecclesiastis
1064 2951 1162 3029 dixit,
1193 2972 1230 3013 ea
1260 2948 1314 3011 vix

140 3055 227 3114 recta
250 3055 334 3115 sunt.
379 3051 428 3113 Ex
453 3053 555 3134 capite
577 3052 639 3117 XV
662 3076 861 3137 nequaquam
888 3059 1035 3138 apparet,
1068 3054 1247 3133 ecclesiam,
1280 3053 1314 3114 in

143 3176 207 3236 qua
229 3153 382 3219 Doctrina
405 3159 515 3247 exorta
538 3161 603 3236 est,
635 3158 827 3222 charismata
858 3162 984 3222 tantum
1014 3159 1143 3243 cognita
1165 3157 1315 3221 habuisse

141 3281 243 3342 neque
266 3283 340 3324 vero
364 3261 489 3325 ordines
512 3263 745 3327 ecclesiasticos.
786 3263 940 3327 Econtra
959 3268 1068 3327 auctor
1084 3263 1221 3327 ecclesiis
1237 3262 1314 3325 sim-

141 3364 266 3446 pliciter
281 3364 486 3447 praecipiens,
511 3371 546 3430 ut
563 3369 725 3451 episcopos
749 3371 781 3430 et
797 3367 943 3431 diaconos
960 3370 1090 3454 eligant,
1114 3369 1172 3432 hos
1189 3367 1315 3431 ordines

143 3490 207 3530 non
231 3490 287 3531 suo
310 3473 452 3552 tempore
475 3473 665 3537 constitutos
689 3493 765 3550 esse,
790 3473 843 3535 sed
860 3473 924 3536 iam
940 3472 1135 3556 aliquamdiu
1155 3471 1316 3536 exstitisse

144 3573 223 3636 satis
247 3574 330 3637 clare
352 3574 481 3641 indicat.
527 3577 681 3661 Alioquin
704 3568 732 3640 ei
757 3577 932 3641 accuratius
956 3579 993 3642 de
1009 3578 1192 3641 muneribus
1216 3598 1316 3662 agen-

140 3677 216 3759 dum
238 3683 314 3745 erat.

230 3783 400 3867 cornely2)
424 3785 506 3865 inde,
531 3786 614 3868 quod
637 3790 757 3866 auctor,
781 3811 903 3872 semper
926 3789 963 3852 de
986 3788 1164 3872 Evangelio
1188 3787 1256 3870 (15,
1280 3788 1315 3870 3)

142 3887 193 3951 vel
217 3888 254 3951 de
276 3888 452 3972 Evangelio
475 3888 605 3953 Domini
629 3891 673 3974 (8,
698 3893 735 3969 2;
761 3893 812 3971 15,
835 3894 868 3976 4)
892 3894 1040 3976 loquens,
1064 3916 1163 3956 unum
1186 3895 1314 3955 tantum

214 4133 239 4201 1)
257 4132 302 4186 Lu
319 4132 441 4186 Didactt
459 4133 525 4189 1885
544 4153 570 4203 p.
591 4136 736 4190 159-159.

211 4221 239 4291 2)
258 4220 433 4277 Introductis
451 4222 481 4275 in
500 4223 533 4276 U.
553 4223 583 4276 Τ.
603 4223 688 4278 libros
707 4240 799 4279 sacros
818 4224 839 4289 1,
859 4227 918 4279 214.
