2918 4890
93 114 111 253 j!

93 258 125 437 'J
336 294 558 351 slueroauu
576 296 841 352 Arosroaoaou
860 298 919 364 vn,
938 299 980 362 aa,
995 299 1088 363 1-31,
1104 301 1127 355 1.
1274 303 1315 366 95

101 492 106 499 -
165 445 249 518 lesum
269 455 373 519 filium
395 459 506 533 tuum,
536 457 687 540 quoniam
717 458 757 521 ad
780 462 812 522 te
835 457 974 541 pertinet
996 457 1101 542 gloria
1123 462 1154 522 et
1176 462 1317 542 potestas

164 553 335 626 insaecula.
381 561 494 626 Amen.

232 667 259 732 2.
283 667 345 744 Qui
368 668 517 732 accedens
540 667 600 731 hoc
616 668 708 731 modo
731 669 853 752 gratias
877 670 989 753 egerit,
1012 668 1142 752 recipite
1164 668 1258 733 illum'
1279 673 1316 733 ut

93 762 102 865 i·
162 764 332 855 discipulum
356 771 495 850 Christi3
519 773 568 837 sin
591 795 665 836 vero
689 773 784 836 aliam
809 775 985 839 doctrinam
1008 775 1168 857 praedicet
1190 779 1316 858 praeter

93 889 96 963 j
161 889 224 953 eam,
245 897 340 959 quam
364 876 454 941 vobis
477 898 533 959 per
555 898 613 940 nos
629 875 775 941 Christus
799 877 940 956 tradidit,
965 877 1039 942 huic
1060 902 1099 943 ne
1121 880 1316 962 permittatis
1343 908 1355 945 a

160 979 264 1057 gratias
296 1002 407 1066 agere3
440 981 467 1045 is
492 981 575 1044 enim
606 983 798 1046 contumelia
829 983 930 1047 afficit
953 983 1054 1048 Deum
1085 985 1191 1068 potius
1221 1008 1316 1069 quam

158 1078 288 1150 honorat.

227 1190 379 1257 XXVIII.
419 1192 615 1276 Quicumque
631 1214 705 1257 vcro
728 1194 767 1256 ad
784 1213 839 1256 vos
855 1193 952 1271 venit,
976 1193 1130 1276 probetur
1152 1199 1184 1259 et
1199 1196 1244 1259 sic
1260 1196 1315 1258 ad-

155 1296 311 1361 mittatur:
343 1299 595 1384 intellegentiam
627 1299 711 1362 enim
740 1299 883 1377 habetis,
918 1303 949 1362 et
980 1300 1112 1382 potestis
1147 1321 1316 1385 agnoscere

152 1399 304 1467 dexteram
326 1403 378 1468 vel
400 1404 564 1468 sinistram
588 1406 683 1488 atque
706 1403 881 1468 discernere
899 1403 996 1467 falsos
1012 1405 1155 1469 doctores
1171 1428 1190 1468 a
1206 1405 1314 1469 docto·
1331 1432 1355 1467 10
1385 1402 1387 1406 ⁴

148 1507 237 1575 ribus.
286 1510 315 1573 2.
351 1509 502 1575 Venienti
533 1532 608 1574 sane
642 1509 764 1573 doctori
804 1531 842 1573 ex
880 1509 985 1572 animo
1020 1510 1220 1593 suppeditate
1259 1532 1315 1573 ne-

146 1613 298 1689 cessaria3
322 1614 403 1678 falso
419 1618 525 1678 autem
548 1613 671 1679 doctori
693 1613 842 1677 tribuetis
864 1613 1001 1697 quidem,
1025 1636 1106 1697 quae
1126 1636 1205 1698 opus
1220 1616 1313 1691 sunt;

146 1721 177 1781 at
198 1740 263 1782 non
287 1718 444 1802 recipietis
468 1741 606 1784 errorem
629 1718 715 1783 illius
738 1740 840 1801 neque
863 1719 960 1782 etiam
982 1742 1045 1783 una
1068 1742 1140 1783 cum
1156 1742 1192 1784 eo
1207 1721 1314 1798 oretis,

143 1843 179 1886 nc
208 1823 275 1887 eius
306 1824 456 1888 societate
487 1824 708 1908 inquinemini.
754 1825 784 1887 4.
815 1821 926 1887 Omnis
956 1823 1113 1907 propheta
1141 1846 1234 1888 verus
1265 1823 1315 1889 vel

142 1927 310 2012 magister,
341 1929 397 2012 qui
419 1930 505 1993 venit
527 1930 567 1994 ad
589 1952 665 2009 vos,
696 1929 812 2013 dignus
836 1931 883 2002 est
905 1928 975 1993 cibo
1005 1932 1041 1992 ut
1063 1929 1225 2012 operarius
1248 1952 1353 1993 ser-15

140 2034 240 2102 monis
263 2034 414 2098 iustitiae.

228 2136 345 2204 XXIX.
385 2136 502 2203 Omnes
525 2138 683 2222 primitias
706 2140 926 2222 provenientes
950 2162 966 2203 c
988 2140 1160 2219 torculari,
1187 2163 1260 2206 area
1283 2145 1314 2206 et

141 2241 241 2307 bobus
265 2247 362 2327 atque
384 2245 507 2322 ovibus,
530 2244 620 2309 dabis
643 2246 868 2324 sacerdotibus,
892 2249 928 2308 ut
945 2245 1164 2309 benedicantur
1178 2247 1315 2327 reposito

142 2348 174 2411 in
198 2347 335 2413 cellariis
357 2350 422 2413 tuis
445 2353 477 2414 et
492 2349 625 2432 fractas
647 2355 747 2415 terrac
770 2356 849 2431 tuac,
872 2356 965 2432 atquc
987 2351 1140 2415 leccatoris
1154 2351 1314 2433 frumento

139 2454 259 2518 etatae
282 2459 309 2519 et
331 2454 412 2533 olea,
448 2461 681 2537 capenatarqac
710 2462 853 2521 armenta
885 2456 976 2521 boam
1005 2462 1131 2521 tuorum
1162 2462 1189 2520 ct
1208 2477 1315 2539 propes
1327 2480 1351 2516 20

141 2559 243 2622 actara
266 2564 412 2638 tauram
440 2582 566 2624 omnem
588 2561 742 2624 decimam
764 2560 854 2624 dabis
876 2561 998 2643 pupillo
1022 2583 1058 2624 ac
1081 2561 1210 2638 viduae,
1234 2583 1314 2644 pau-

140 2663 205 2745 peri
229 2667 269 2728 et
284 2664 449 2729 advenae..
478 2664 508 2727 2.
532 2661 648 2728 Omnes
671 2663 829 2746 primitias
860 2686 980 2746 panum
1002 2664 1194 2742 calidorum,
1227 2665 1313 2727 urcei

140 2769 206 2832 vini
229 2769 280 2833 vel
302 2771 364 2834 olei
385 2771 436 2834 vel
451 2769 555 2833 mellis
575 2768 624 2833 vel
639 2768 801 2832 fructuum
818 2767 977 2847 arborum,
1001 2790 1080 2832 uvae
1102 2768 1151 2832 vel
1177 2767 1313 2831 aliarum

140 2895 243 2938 rerum
267 2874 425 2958 primitias
448 2875 538 2939 dabis
561 2874 795 2953 sacerdotibus,
826 2874 952 2959 argenti
975 2895 1048 2938 vero
1076 2878 1108 2937 et
1130 2872 1313 2937 vestimenti

141 2980 304 3062 omnisque
326 2980 532 3063 possessionis
553 2978 700 3063 'orphano
723 3001 759 3043 ac
781 2979 903 3043 viduae.
1328 3005 1352 3041 aa

224 3082 324 3147 XXX.
360 3082 420 3148 Die
442 3085 680 3148 resurrectionis
703 3083 851 3163 Domini,
873 3084 934 3147 hoc
956 3087 1013 3161 est,
1037 3083 1212 3162 dominica,
1236 3106 1312 3147 con-

138 3188 243 3252 venite
266 3188 399 3267 assidue,
423 3189 544 3272 gratias
568 3192 698 3272 agentes
721 3188 788 3252 Deo
812 3192 844 3252 et
867 3187 1053 3251 confitentes
1077 3189 1115 3252 de
1141 3187 1312 3266 beneficiis,

141 3311 219 3373 quae
241 3292 275 3355 in
300 3315 355 3357 vos
378 3292 514 3356 contulit
529 3293 614 3357 Deus
627 3317 683 3377 per
699 3292 872 3372 Christum,
897 3292 1037 3357 liberans
1060 3294 1101 3357 ab
1116 3288 1311 3377 ignorantia,

139 3416 253 3476 errore,
276 3398 421 3477 vinculis,
450 3399 479 3462 2.
505 3402 540 3462 ut
564 3398 752 3463 sacrificium
775 3404 917 3463 vestrum
939 3398 981 3461 sit
1003 3397 1258 3482 irreprehensum
1281 3402 1313 3462 et

139 3500 205 3566 Deo
228 3508 411 3586 acceptum,
440 3503 495 3587 qui
518 3504 599 3567 dixit
622 3504 660 3566 de
683 3504 812 3567 ecclesia
835 3526 892 3567 sua
914 3502 1132 3567 oecumenica:
1164 3501 1201 3567 ln
1225 3504 1311 3567 omui
1326 3531 1351 3566 30

137 3605 206 3671 loco
229 3607 310 3671 mihi
332 3608 481 3673 offeretur
503 3610 667 3673 incensum
692 3613 724 3673 et
746 3609 935 3673 sacrificium
959 3608 1130 3685 mundum3
1159 3607 1234 3691 quia
1256 3631 1311 3671 rex

136 3732 273 3794 magnus
296 3733 355 3796 ego
379 3735 458 3791 sum,
486 3713 563 3777 dicit
585 3713 740 3777 Dominus
764 3713 982 3796 omnipotens,
1014 3717 1046 3777 et
1068 3735 1182 3776 nomen
1207 3735 1311 3776 meum

136 3816 322 3881 admirabile
345 3817 378 3880 in
402 3817 561 3901 gentibus.

224 3922 340 3988 XXXI.
381 3923 502 4008 Eligite
526 3927 632 3988 autem
656 3923 817 4006 episcopos
834 3923 947 4006 dignos
963 3921 1111 3998 Domino,
1135 3924 1167 3983 et
1182 3920 1310 4004 presby-

135 4032 220 4092 teros
244 4051 280 4091 ac
303 4028 460 4108 diaconos,
484 4030 569 4093 viros
581 4030 661 4112 pios,
685 4029 795 4107 iustos,
818 4028 921 4107 mites,
941 4049 1004 4090 non
1022 4048 1144 4104 avaros,
1168 4029 1311 4089 amantes
1325 4055 1350 4090 aa

134 4187 196 4234 ταις
215 4168 307 4222 Doctr.
328 4169 368 4230 13,
389 4169 414 4221 3.
432 4198 467 4206 —
488 4164 576 4239 εὐλογ.
596 4166 624 4223 αὶ
642 4165 709 4223 ἀπο·
736 4166 803 4220 Gen.
824 4166 866 4228 27,
886 4167 927 4220 37.

135 4260 220 4326 θῆκαι
247 4255 317 4325 κτλ]
346 4255 427 4310 Dent.
451 4255 546 4320 7,13;
573 4255 621 4318 28,
640 4257 665 4306 l.
683 4254 709 4306 5.
769 4252 853 4307 XXX.
885 4252 925 4304 ef.
945 4251 1039 4306 Doctr.
1061 4253 1099 4308 14.
