2918 4890
582 1177 825 1251 DOCTRINA

406 1313 636 1382 DUODECIM
660 1315 988 1386 APOSTOLORUM.

153 1593 311 1659 Doctrina
333 1590 464 1656 Domini
486 1612 542 1673 per
565 1589 727 1654 duodecim
752 1573 914 1674 apostolos
936 1593 1085 1676 gentibus
1108 1595 1237 1661 tradita.

198 1697 224 1762 Ι.
258 1698 348 1762 Duae
372 1696 441 1760 viae
464 1699 549 1774 suni,
574 1694 674 1759 altera
696 1695 780 1760 vitae
803 1701 835 1760 et
857 1697 958 1762 altera
980 1699 1102 1778 mortis,
1126 1700 1179 1764 sed
1202 1701 1286 1764 mul·

111 1807 184 1868 turn
216 1803 350 1866 interest
380 1801 465 1865 inter
494 1800 571 1864 duas
602 1801 679 1865 vias.
725 1799 842 1866 avia
874 1803 976 1887 igitur
1006 1803 1086 1869 lucis
1117 1805 1194 1870 haec
1217 1810 1313 1873 estts

109 1993 163 2047 dus
188 2009 247 2048 esse
273 1989 393 2045 videtur.
430 1989 541 2044 Titulus
566 2007 630 2045 vero
649 1990 686 2045 ab
699 1996 701 2035 1
713 1993 808 2045 catum
827 1991 921 2048 fuisse.
953 1993 1068 2048 Auctori
1083 2012 1136 2049 vox
1149 1995 1287 2066 ideoqno·

112 2081 229 2136 auctore
252 2077 336 2132 facile
362 2076 458 2133 omitti
484 2077 595 2147 potuit,
623 2097 685 2132 cum
699 2038 701 2131 i
713 2095 766 2146 que
777 2078 908 2133 addenda
917 2083 986 2143 erat,
1002 2081 1209 2149 quiaetiamde
1223 2084 1286 2139 aliis

107 2166 204 2223 verbis
217 2173 304 2222 ταῦτα
318 2165 410 2222 πάντα
421 2167 605 2239 προειπόντες
617 2167 687 2220 satis
714 2166 847 2235 apostolis
872 2185 958 2236 quam
982 2168 1017 2223 de
1041 2169 1185 2223 duodecim
1210 2170 1285 2240 loqui

112 2257 189 2311 clare
208 2254 321 2325 partem
334 2254 455 2308 aiteram
474 2252 596 2321 incipere
614 2252 686 2306 indi·
714 2253 812 2308 voluit.
848 2252 889 2307 Oi.
912 2257 951 2318 11,
971 2257 996 2309 3.

108 2345 240 2399 caret-
257 2342 343 2397 Voces
353 2346 446 2414 διδαχὴ
456 2348 513 2398 τῶν
521 2339 687 2398 ἀποστόλων
749 2341 769 2402 Ι,
790 2341 813 2394 1.
839 2340 880 2394 De
898 2339 951 2394 viis
969 2341 999 2394 in
1018 2340 1043 2394 S.
1063 2341 1209 2411 Scriptura
1228 2361 1288 2399 sex·

108 2435 140 2488 ct
152 2434 246 2503 διδαχὴ
256 2438 307 2486 τοῦ
313 2431 411 2503 κυρίου
420 2427 507 2483 etiam
517 2428 547 2481 in
557 2428 582 2482 S.
596 2428 686 2497 Scrip·
713 2427 817 2482 centies
836 2445 926 2482 sermo
945 2431 995 2493 est,
1015 2427 1049 2481 de
1068 2429 1115 2483 via
1127 2429 1240 2484 Domini
1259 2432 1288 2486 et

108 2522 177 2574 tura
194 2517 337 2585 leguntur,
355 2515 425 2569 illae
442 2515 503 2568 Act.
523 2515 548 2577 2,
568 2515 610 2580 42,
633 2514 686 2568 hae
713 2516 747 2569 de
767 2515 813 2568 via
831 2515 990 2579 hominum,
1017 2517 1051 2570 de
1077 2518 1126 2570 via
1149 2517 1287 2573 iustorum

108 2607 171 2662 Act·
199 2607 244 2667 13,
266 2604 307 2656 12.
344 2601 399 2658 Tit.
419 2604 449 2666 2,
470 2605 501 2657 10
529 2605 686 2658 διδασκαλία
714 2603 742 2654 et
761 2601 859 2654 devia
877 2604 1061 2670 peccatorum,
1081 2604 1175 2659 devia
1193 2605 1287 2674 aequi·

110 2703 162 2756 τοῦ
180 2703 314 2765 σωτῆρος,
332 2690 361 2744 ΙΙ
378 2690 472 2746 Ioann.
491 2691 507 2745 9
527 2693 620 2761 διδαχὴ
637 2698 687 2746 τοῦ
713 2689 783 2744 tatis
802 2692 831 2744 et
850 2689 884 2742 de
904 2688 948 2744 uia
964 2689 1124 2759 iniquitatis
1137 2693 1188 2744 etc.
1218 2691 1288 2746 Viae

111 2787 238 2856 Χριστοῦ
273 2781 518 2835 commemoretur.
562 2777 686 2831 Iustinus
715 2777 791 2832 vitae
810 2781 838 2832 et
857 2777 955 2832 mortis
975 2780 1229 2833 commemorantur
1247 2777 1288 2833 Ie·

111 2869 192 2938 Apol.
206 2868 226 2932 Ι,
241 2869 274 2922 53
292 2877 340 2935 τῆς
358 2864 433 2938 παρὰ
453 2872 510 2921 τῶν
522 2863 687 2922 ἀποστόλων
714 2881 780 2918 rem.
800 2865 842 2932 21,
861 2865 886 2918 8.
922 2863 963 2916 cf.
983 2863 1092 2917 Baruch
1111 2866 1135 2930 4,
1157 2867 1182 2930 1;
1204 2866 1288 2919 Prov.

108 2953 196 3012 αὐτοῦ
218 2953 265 3024 (sc.
277 2954 373 3025 Ἰησοῦ)
393 2958 502 3026 διδαχῆς
515 2953 685 3009 mentionem
715 2953 755 3017 12,
774 2953 821 3013 ‘283
840 2950 942 3005 Matth.
963 2952 987 3014 7,
1003 2951 1112 3004 13-14.
1141 2951 1287 3006 Barnabas

110 3042 193 3096 iacit.
237 3041 343 3097 Auctor
374 3041 549 3096 Ascensionis
580 3039 686 3094 Iesaiac
715 3041 792 3108 18,1,
812 3039 1026 3108 descriptionem
1044 3039 1163 3092 duarum
1177 3039 1288 3094 viarum

111 3130 236 3198 (saeculo
253 3128 281 3183 H
298 3129 414 3184 ineunte
440 3130 473 3181 ut
492 3127 603 3181 videtur
622 3147 686 3183 con·
714 3127 868 3191 exordiens,
898 3127 1021 3196 loquitur
1048 3127 1081 3181 de
1101 3128 1149 3181 via
1171 3128 1240 3182 lucis
1259 3130 1289 3184 et

110 3216 242 3286 scriptae)
265 3233 287 3271 c.
311 3218 327 3270 3
355 3217 397 3271 ed.
426 3215 573 3270 Dilimann
599 3234 624 3285 p.
655 3219 686 3270 13
714 3215 748 3268 de
759 3215 805 3268 via
816 3214 999 3269 tenebrarum
1015 3215 1038 3286 (i
1050 3216 1148 3272 Ioann.
1161 3217 1288 3287 1,5-7);

111 3303 218 3367 scribit,
236 3301 347 3360 Christo
359 3302 528 3359 adveniente
542 3303 686 3373 praedica·
716 3303 755 3366 19,
775 3302 791 3354 2
814 3304 841 3355 et
866 3302 947 3364 20,1
977 3305 1073 3358 autem
1097 3303 1183 3358 etiarn
1212 3303 1288 3357 viam

109 3393 189 3447 turos
208 3406 266 3445 csse
287 3390 437 3461 discipulos
456 3390 513 3446 eius
529 3391 686 3446 doctrinam
714 3389 812 3445 mortis
835 3389 911 3442 dicit.
956 3392 1061 3445 Auctor
1086 3389 1209 3448 Tectam.
1238 3408 1288 3461 pa-

113 3479 260 3537 duodecim
278 3478 478 3549 apostolorum.
515 3479 615 3533 Vocem
635 3477 686 3534 ‹id›-
714 3478 828 3533 triarch.
849 3478 880 3541 X,
904 3480 914 3531 1
942 3478 976 3534 de
1001 3479 1054 3533 viis
1077 3479 1144 3535 boni
1168 3482 1196 3534 et
1220 3480 1288 3533 maii

112 3573 178 3625 δεκα
196 3564 333 3620 Wariield
353 3565 498 3633 (Biblioth.
519 3583 599 3619 saera
619 3566 686 3620 1886
714 3567 848 3635 loquitur.
874 3566 1288 3621 ClemensAIexandrinuscum

111 3674 138 3725 p.
157 3655 219 3723 110)
238 3653 268 3707 in
287 3650 373 3707 titulo
390 3650 524 3718 breviore,
543 3670 625 3720 quem
645 3672 687 3708 so·
714 3655 816 3710 Strom.
836 3654 869 3720 V,
888 3655 919 3717 5,
944 3656 976 3710 31
1002 3673 1029 3724 p.
1049 3657 1100 3709 664
1124 3654 1165 3709 ed.
1191 3653 1289 3707 Potter

110 3741 170 3796 lum
185 3740 341 3816 genuinum
354 3739 449 3804 habet,
468 3739 615 3795 delendam
630 3758 687 3796 esse
714 3741 826 3805 scribat,
846 3741 916 3794 duas
935 3740 996 3795 vias
1015 3743 1140 3795 statuere
1158 3740 1288 3807 Evange-

110 3832 205 3901 putat,
225 3846 289 3884 cum
310 3827 547 3897 nequeaLatino
566 3845 687 3898 nequea
715 3829 784 3882 lium
814 3831 843 3883 et
868 3829 1047 3897 apostolos
1078 3831 1107 3882 et
1136 3826 1288 3896 prophetas

112 3917 242 3987 patribus
288 3914 458 3985 scripturam
505 3916 688 3969 laudantibus
716 3916 769 3986 (Pe.
790 3917 828 3984 1),
856 3917 966 3970 credere
985 3914 1086 3984 aliquis
1104 3913 1205 3983 possit,
1224 3928 1288 3966 cum

112 4005 213 4074 agnita
245 4003 291 4057 sit.
337 4002 388 4056 Sed
417 4018 460 4055 res
488 4019 522 4058 ex
547 4004 688 4058 contrario
716 4003 829 4057 initium
843 4002 993 4058 Doctrinae
1011 4000 1202 4072 apostolorum
1221 4001 1288 4054 ante

113 4089 237 4146 evenisse
254 4078 379 4144 videtur(
411 4088 506 4159 Longe
524 4089 598 4145 enim
618 4092 688 4145 seri·
716 4090 808 4145 oculos
833 4090 970 4145 habuisse.
1006 4089 1060 4143 Res
1078 4106 1144 4144 vero
1170 4090 1289 4143 nonest

113 4177 233 4233 similius
251 4179 301 4240 est,
320 4175 437 4229 titulum
456 4194 473 4230 a
490 4177 619 4246 patribus
639 4178 686 4231 ab·
716 4178 800 4231 certa.
826 4174 952 4231 Clemens
962 4175 1056 4247 potuit
1065 4174 1153 4230 etiam
1167 4175 1179 4228 I
1191 4175 1288 4230 Ioann.

114 4266 275 4323 breviatum
293 4280 379 4333 quam
398 4281 415 4317 a
433 4262 550 4319 librario
569 4264 688 4333 amplifi·
718 4266 740 4330 1,
758 4265 827 4318 5-7
845 4264 989 4333 respicere.

1045 4349 1081 4407 1*
