2918 4890
307 343 531 399 SANOTORUM
549 343 814 401 APOSTOLORUM
832 344 905 412 XVI,
928 345 1063 402 l-XVII.
1225 349 1265 412 61

85 503 203 568 stituta
219 509 276 584 est,
297 506 423 570 litterae
439 506 627 585 scribantur,
653 509 689 570 ut
704 507 777 571 inde
792 507 853 571 viri
869 510 933 572 tres
949 508 1041 572 electi
1060 509 1263 572 advenientes

85 609 187 692 probe
210 611 356 694 probent,
380 611 452 696 quis
476 612 590 696 dignus
614 612 665 691 sit,
692 634 733 675 an
756 613 874 677 bonam
896 613 1012 677 habeat
1035 612 1154 678 famam
1181 614 1265 696 apud

84 714 235 798 gentiles,
258 738 299 779 an
320 716 431 780 insons
449 717 589 796 exsistat,
614 739 652 781 an
671 740 847 802 pauperum
864 719 1032 799 studiosus,
1057 742 1097 782 an
1113 719 1261 802 prudens,

84 842 151 883 non
174 820 327 901 ebriosuS,
352 845 416 886 non
439 821 622 902 fornicator,
647 845 711 887 nou
733 846 846 887 avarus
869 824 920 887 vel
943 823 1188 887 contumeliosus
1212 822 1262 885 vel

85 947 295 1008 personarum
318 932 465 1011 acceptor
488 932 519 992 et
541 932 645 993 cetera
664 929 697 992 id
713 949 823 1013 genus.
863 929 891 994 2.
917 927 1043 992 Bonum
1061 929 1187 1012 quidem
1203 931 1287 1005 ests

85 1053 159 1095 eum
182 1054 249 1096 esse
272 1032 340 1096 sine
365 1056 481 1109 uxore;
505 1034 554 1098 sin
578 1034 693 1113 minus,
718 1033 811 1098 unius
833 1033 942 1097 uxoris
962 1032 1021 1108 sit3
1043 1032 1205 1096 doctrinae
1220 1031 1263 1095 sit

85 1136 263 1219 particeps,
296 1137 427 1201 idoneus
451 1136 687 1221 Scripturarum
718 1139 890 1221 interpres3
924 1138 951 1202 si
980 1159 1054 1202 vero
1084 1137 1264 1200 litterarum

85 1263 199 1325 expers
223 1243 284 1321 sit,
316 1242 403 1306 mitis
426 1243 469 1307 sit
502 1247 534 1307 et
556 1243 688 1307 caritate
711 1264 787 1327 erga
810 1264 917 1306 omnes
940 1241 1192 1325 superabundet,
1224 1262 1263 1303 ne

84 1369 229 1432 unquam
252 1348 289 1411 de
314 1348 478 1432 aliquare
502 1350 665 1434 episcopus
691 1373 710 1413 a
733 1349 843 1412 multis
867 1351 1030 1432 arguatur.

174 1451 282 1516 XVII.
321 1452 455 1519 Ioannes
479 1455 577 1519 dixit:
602 1456 663 1533 Qui
685 1455 853 1519 institutus
877 1453 939 1518 fuit
961 1453 1136 1536 episcopus,
1160 1450 1263 1522 consi·
1279 1471 1304 1506 10

86 1557 197 1621 derato
222 1558 329 1622 studio
352 1580 388 1622 ac
411 1559 543 1624 caritate
560 1582 679 1639 eorum,
703 1559 758 1644 qui
774 1582 845 1624 cum
861 1581 897 1623 eo
914 1561 998 1637 sunt,
1021 1556 1169 1620 instituet
1183 1555 1261 1619 duos

86 1662 304 1746 presbyteros,
328 1685 406 1747 quos
430 1665 622 1748 probaverit.

89 1855 185 1909 antem
205 1872 261 1909 non
279 1857 322 1908 est
341 1873 453 1925 prorsus
472 1857 556 1910 recta.
594 1855 663 1909 Cum
690 1875 782 1925 μασιν,
797 1850 844 1910 ἵνα
854 1853 904 1921 τὰς
916 1853 1026 1928 γραφὰς
1037 1851 1173 1922 ἐπιμελῶς
1183 1848 1264 1925 ἑρμη-

86 1942 173 1996 verba
199 1939 255 1999 ἀπὸ
278 1950 343 2011 μιᾶς
365 1945 495 2016 γυναικός
519 1941 578 1997 voci
600 1939 664 2014 dyir
690 1942 763 2014 νεύῃ,
781 1943 815 2007 II,
827 1944 855 1997 l:
874 1941 900 1998 εἰ
914 1941 944 1997 δὲ
961 1945 979 2013 ᾗ
997 1939 1187 2015 ἀγράμματος,
1205 1937 1265 1995 ἀλλ’

87 2049 166 2095 ναιος
184 2032 370 2098 opponantur,
389 2049 447 2087 non
464 2030 601 2086 denotant
620 2048 664 2085 ac·
690 2025 740 2087 cdv
757 2025 888 2103 ἔμπειρος
905 2037 956 2086 τοῦ
970 2029 1064 2100 λόγου,
1081 2031 1214 2098 καθήκων
1232 2029 1266 2096 τῇ

87 2118 198 2171 curate:
229 2116 344 2171 viduum
369 2119 450 2173 unius
478 2117 570 2174 uxoris
596 2134 662 2182 esse,
690 2120 789 2196 ἡλικία.
830 2115 961 2187 Episcopi
987 2114 1119 2170 illiterati
1146 2113 1264 2168 saeculis

87 2203 136 2258 sed
155 2204 266 2274 potius:
284 2205 366 2259 unius
384 2205 477 2262 uxoris
495 2206 661 2269 virumesse,
689 2206 828 2277 prioribus
846 2204 923 2259 haud
938 2203 1097 2258 rarierant.
1126 2200 1221 2256 Etiam
1233 2201 1264 2254 in

90 2289 148 2346 sive
167 2309 236 2347 uxor
255 2292 334 2349 vivat
357 2293 416 2348 sive
437 2295 550 2349 mortua
569 2292 660 2348 fuerit.
689 2292 794 2362 synodo
807 2291 949 2362 Ephesina
968 2308 992 2346 a.
1005 2291 1056 2345 449
1075 2289 1130 2344 duo
1143 2287 1263 2359 episcopi

89 2375 264 2447 Epiphanius
276 2377 376 2450 Expos.
388 2380 434 2434 fid.
447 2398 470 2436 c.
484 2381 518 2435 20
530 2379 662 2435 distincte
689 2379 818 2445 aderant,
837 2380 885 2449 qui
898 2377 1036 2433 scribendi
1049 2377 1199 2433 nouerant
1216 2392 1262 2445 pe-

86 2463 170 2534 diat,
190 2465 373 2532 diaconissas,
399 2468 453 2521 nisi
476 2468 533 2522 sint
551 2466 661 2541 ἀειπάρ·
689 2465 747 2519 riti·
782 2467 886 2521 Paulus
904 2466 1001 2521 ITim·
1019 2466 1073 2529 Μ
1092 2467 1121 2520 el
1139 2463 1195 2517 Tib·
1211 2465 1261 2526 Ῑ,9

85 2559 180 2619 deror,
207 2555 379 2629 χηρεοσάσας
406 2553 462 2612 ἀπὸ
489 2559 662 2630 μονογαμδας
689 2552 847 2623 episcopum
862 2554 1002 2610 doctorem
1014 2553 1189 2623 (διδακτικόν)
1204 2568 1262 2605 esse

85 2658 143 2696 esse
158 2641 265 2697 debere.
297 2641 662 2713 cr.r⁷1aoz.naartarscarrfr
689 2640 752 2694 vult
774 2643 803 2694 et
826 2642 1042 2710 amplectentem
1066 2658 1129 2696 eum
1152 2638 1200 2706 qui
1221 2654 1262 2691 se-

88 2729 156 2783 1882
185 2747 213 2799 p.
237 2732 297 2785 400.
344 2733 447 2787 Auctor
473 2730 562 2800 igitur
589 2729 661 2783 nihil
689 2727 810 2781 cundum
829 2727 986 2783 doctrinam
1011 2731 1054 2783 est
1077 2726 1188 2780 fidelem
1206 2741 1261 2778 ser·

87 2815 164 2870 aliud
183 2816 321 2887 praecipit
346 2835 379 2872 aa
396 2817 500 2872 Paulus
519 2818 661 2888 apostolus
689 2831 812 2878 monem,
838 2817 870 2869 ut
887 2817 987 2886 potens
1006 2815 1044 2868 sit
1070 2813 1213 2869 exhortari
1230 2811 1261 2865 in

84 2903 179 2959 I'l'im.
189 2904 345 2970 3,2vsrbis
353 2912 418 2975 μιᾶς
426 2906 555 2978 γυναικὸς
566 2901 660 2981 ἄνδρα.
688 2902 818 2958 doctrina
836 2905 952 2956 sanast
970 2919 1030 2966 eos,
1056 2902 1104 2970 qui
1122 2898 1261 2955 contradi·

85 2991 117 3046 Id
135 2995 259 3060 tantum,
278 2993 301 3047 si
312 3011 364 3049 vox
383 2992 439 3051 ἀπό
457 2997 601 3064 urgeatur,
620 2993 662 3047 di·
688 2993 769 3054 cunt,
796 3006 929 3060 arguere;
954 2989 988 3043 de
1007 2987 1147 3043 contrario
1166 2989 1260 3041 autem

85 3080 203 3135 candum
216 3084 266 3147 est,
286 3098 349 3136 enm
364 3082 442 3146 velle,
460 3084 493 3135 ut
510 3082 658 3151 episcopus,
687 3081 771 3133 tacet.
800 3109 832 3117 -
860 3079 894 3148 τῇ
917 3075 1012 3149 ἀγάπῃ
1036 3075 1076 3143 εἰς
1097 3096 1126 3131 π.
1151 3076 1192 3144 π]
1219 3074 1260 3128 Gi.

85 3168 170 3223 semel
183 3168 342 3234 maritatus,
357 3186 419 3224 cum
429 3186 512 3224 uxore
526 3187 582 3224 non
594 3170 659 3221 tan·
687 3166 701 3219 Ι
718 3165 811 3220 Thess.
829 3166 860 3230 3,
882 3166 925 3219 12:
951 3161 1023 3234 ὑμᾶς
1045 3163 1074 3220 δὲ
1094 3163 1110 3220 ὁ
1127 3163 1260 3238 κύριος..

85 3273 171 3325 quam
189 3257 322 3324 maritus,
348 3257 396 3312 sed
415 3259 551 3326 tanquam
570 3256 660 3311 frater
686 3252 862 3328 περισσεύσαι
881 3254 913 3323 τῇ
931 3250 1025 3325 ἀγάπῃ
1041 3250 1080 3319 εἰς
1094 3251 1207 3319 πάντας.
1227 3282 1261 3291 -

85 3342 175 3422 viyat.
227 3344 295 3398 Cum
326 3345 464 3415 expressio
497 3347 591 3399 autem
622 3343 659 3397 sit
687 3340 742 3398 ἀπὸ
762 3348 818 3398 τῶν
835 3339 956 3410 πολλῶν]
977 3339 1034 3393 scil.
1054 3337 1110 3397 ulad
1129 3349 1179 3396 τοῦ
1196 3343 1261 3411 atri·

85 3431 172 3501 plane
184 3432 330 3496 inusitata,
343 3432 541 3502 interpretatio
550 3449 605 3487 non
617 3434 659 3485 est
687 3435 766 3497 θοος,
777 3445 833 3497 qna
846 3444 912 3482 vocs
925 3429 1022 3483 auctor
1034 3427 1124 3482 utitur
1136 3427 1261 3499 capitulo

87 3520 172 3573 certa.
203 3518 301 3576 Versio
317 3520 478 3590 Aethiopica
490 3521 589 3575 habet:
610 3520 658 3575 Bo·
686 3517 808 3571 ineunte.

86 3624 154 3660 num
177 3607 290 3676 quidem
314 3610 420 3677 (esset),
445 3609 469 3662 si
493 3608 552 3663 sins
576 3625 659 3664 uxore
721 3604 807 3659 XVII.
837 3602 895 3673 δύο]
915 3603 1078 3673 Hilgenfeld
1090 3602 1136 3656 hio
1153 3605 1216 3656 etc
1229 3602 1260 3655 18

85 3694 659 3764 agaret3siverouxor'smduxissetunam,
687 3692 784 3748 scribit
802 3691 931 3756 δεκαδύο,
956 3709 1007 3760 pro
1027 3699 1100 3766 τρεῖς
1114 3691 1194 3759 ponit
1217 3682 1261 3745 κδ’

85 3782 250 3852 priusquam
272 3784 489 3840 constitueretur
507 3784 658 3855 episcopus,
687 3784 733 3850 (=
756 3777 843 3839 εἴκοσι
866 3783 912 3836 καὶ
935 3778 1084 3853 τέσσαρες).
1128 3776 1191 3832 Non
1218 3779 1259 3830 est

85 3871 202 3924 maneat
219 3889 282 3925 eum
299 3872 359 3926 illa,
380 3904 412 3911 -
436 3875 560 3939 παιδείας
577 3872 659 3943 pizo·
688 3872 783 3924 autem
793 3870 970 3924 mutandum.
993 3868 1079 3925 Voces
1089 3867 1137 3924 δύο
1147 3869 1176 3922 et
1186 3875 1260 3941 τρεῖς

83 3979 135 4030 χος
152 3957 222 4026 κτα]
243 3958 379 4013 Similiter
391 3958 508 4014 Constit.
523 3963 611 4030 apost.
625 3961 658 4026 H,
687 3975 744 4013 non
761 3959 850 4014 solum
869 3957 961 4014 codice
975 3954 1192 4018 Vindobonensi,
1211 3954 1258 4008 sed

87 4047 115 4100 l:
135 4041 208 4103 ἔστω
226 4041 275 4103 οὖν
292 4046 320 4116 (ὁ
339 4045 514 4118 ἐπίσκοπος),
539 4048 564 4105 εἰ
580 4054 659 4106 dava-
687 4044 773 4099 etiarn
787 4045 958 4102 versionibus
969 4044 1129 4098 traduntur,
1155 4044 1260 4098 Auctor

86 4135 143 4199 τόν,
156 4133 381 4205 πεπαιδευμένος,
399 4135 433 4202 ΙΙ,
448 4140 478 4191 5:
497 4140 660 4194 πολυδδδακ-
687 4135 832 4203 praeterea
843 4129 1259 4202 seniorasApocalypsisviginti

85 4245 141 4293 τος,
161 4230 287 4294 μελετῶν
309 4227 355 4281 καὶ
372 4224 535 4294 σπουδάζων
552 4224 582 4282 ἐν
601 4233 661 4293 ταῖς
687 4225 822 4290 quattuor
840 4240 896 4278 non
915 4222 976 4277 ideo
995 4221 1114 4290 allegat,
1143 4221 1175 4272 ut
1193 4217 1258 4274 toti-

84 4320 226 4390 κυριακαῖς
242 4313 353 4386 βίβλοις,
372 4312 458 4379 πολὺς
475 4309 506 4368 ἐν
520 4310 660 4386 ἀναγνώσ-
687 4309 750 4366 dem
768 4311 910 4366 ministros
927 4308 1114 4363 instituendos
1137 4325 1194 4363 esse
1213 4307 1258 4365 de·
