2918 4890
353 341 540 397 DOCTRINA
559 341 747 397 DUODEOIM
766 341 1034 401 APOSTOLORUM.
1118 346 1277 412 XXXVII

97 526 174 568 cum
198 505 381 569 doctoribus
404 503 615 569 confundendi
638 526 704 567 esse
727 503 893 582 videntur,
922 505 960 568 de
982 504 1098 589 quibus
1120 506 1276 570 Doctrina

97 610 187 675 dicit.
234 609 407 673 Eusebium
432 611 537 672 autem
561 612 687 691 praeter
702 607 901 673 Pantaenum
923 609 1003 674 alios
1018 611 1135 674 saeculi
1150 609 1182 674 II
1197 628 1275 693 apo·

96 715 198 778 stolos
232 737 296 778 non
327 714 467 797 potuisse
500 713 663 777 nominare
694 735 758 776 non
783 713 856 777 licet
879 715 989 779 dicere.
1036 712 1115 778 Cum
1138 715 1274 798 scriptor

97 818 142 883 H.
166 819 205 883 Ε.
230 819 270 897 V,
294 819 336 882 10
359 819 512 900 expressis
535 818 640 881 verbis
671 818 874 902 pronuntiet,
907 821 1073 884 etiamtum
1096 821 1273 903 complures

98 924 197 988 f'uisse
221 923 433 1008 evangelistas
456 924 609 987 sermonis
632 922 701 1002 Dei,
726 924 831 1007 potius
854 925 950 988 etiam
973 923 1129 987 nonnulla
1143 925 1273 987 nomina

96 1029 229 1113 cognita
244 1028 394 1092 habuisse
410 1028 571 1111 putandus
587 1032 643 1107 est,
668 1031 699 1091 et
715 1028 748 1091 id
763 1029 866 1092 solum
882 1029 984 1094 dicere
1001 1051 1176 1113 possumus,
1200 1051 1272 1092 eum

98 1133 230 1197 nomina
260 1134 352 1217 plura
381 1133 506 1197 tradere
528 1133 675 1198 noluisse.
723 1132 889 1198 Praeterea
912 1133 1109 1199 Pantaenum
1132 1157 1171 1198 ne
1194 1156 1272 1216 apo-

95 1238 215 1302 stolum
239 1238 365 1322 quidem
388 1239 536 1302 distincte
560 1238 710 1322 appellat.
750 1239 830 1303 Loco
854 1239 984 1304 laudato
1000 1241 1106 1324 potius
1122 1241 1160 1304 de
1176 1261 1271 1303 evan-

98 1344 223 1428 gelistis
246 1344 401 1408 sermonis
417 1343 476 1408 Dei
491 1343 645 1427 loquitur,
668 1344 723 1427 qui
739 1345 955 1428 apostolorum
972 1345 1114 1426 exemplo
1130 1342 1269 1407 studium

98 1472 191 1512 snum
222 1450 261 1513 ad
290 1449 542 1514 aedificationem
572 1448 646 1513 fidei
675 1453 707 1512 et
737 1449 776 1512 ad
798 1450 1026 1514 incrementum
1059 1448 1148 1511 verbi
1170 1446 1270 1510 divini

98 1553 318 1618 contulissent.
356 1554 445 1629 Quod
467 1554 506 1618 ad
522 1555 724 1638 doxologiam
740 1554 866 1635 attinet,
890 1554 1018 1619 omissio
1034 1553 1117 1617 vocis
1130 1551 1271 1638 βασιλεία

98 1679 135 1720 co
158 1659 264 1722 minus
287 1662 335 1722 est
357 1658 509 1743 urgenda,
533 1681 604 1723 cum
629 1658 801 1737 formulae,
825 1660 863 1723 de
886 1659 1000 1743 quibus
1024 1659 1149 1742 agitur,
1173 1657 1269 1720 etiam

96 1784 172 1827 voce
201 1763 258 1826 illa
285 1765 507 1847 praetermissa
538 1764 622 1828 inter
651 1786 684 1827 se
713 1764 843 1827 minime
872 1764 1070 1827 conveniant.
1116 1762 1269 1826 Doctrina

96 1867 181 1930 enim
204 1866 302 1952 legit:
327 1869 373 1930 dn
396 1876 452 1929 σοῦ
476 1868 557 1930 ἐστιν
580 1867 600 1951 ἡ
625 1867 752 1950 δύναμις
775 1869 829 1930 καί
852 1867 872 1951 ἡ
896 1866 973 1944 δόξα
996 1868 1038 1941 εἰς
1057 1869 1129 1940 τοὺς
1144 1866 1268 1947 αἰῶνας,

95 1971 267 2056 doxologia
290 1970 436 2036 Sahidica
458 1977 506 2037 est
528 1972 623 2036 haec:
647 1974 795 2054 quonium
817 1979 905 2037 tunm
920 1978 964 2037 est
979 1973 1075 2036 robur
1090 1978 1118 2036 ct
1126 1972 1269 2053 poteratis

98 2077 132 2139 in
154 2097 263 2140 ccccm
285 2078 359 2155 caci,
385 2078 434 2140 vel
457 2098 586 2161 graece:
614 2079 659 2139 ὅτι
683 2085 739 2139 σοῦ
763 2077 843 2140 ἐστιν
867 2078 888 2160 ἡ
911 2076 1037 2160 δύναμις
1060 2078 1114 2138 καὶ
1136 2076 1156 2160 ἡ
1180 2076 1268 2158 ἰσχὺς

95 2182 139 2255 εἰς
162 2183 234 2254 τοὺς
258 2181 380 2254 αἰῶνας.
427 2181 508 2246 Loco
532 2183 616 2246 vocis
633 2181 709 2259 δόξα
732 2204 808 2267 ergo
824 2183 993 2268 doxologia
1009 2182 1156 2248 Sahidica
1171 2181 1268 2245 habet

96 2309 205 2351 vocem
228 2287 331 2370 ἰσχύς,
355 2309 456 2371 neque
478 2288 545 2351 ullo
568 2289 636 2352 iure
658 2288 693 2351 in
716 2310 752 2352 ea
773 2287 864 2352 illam
886 2310 994 2353 vocem
1017 2288 1152 2351 defuisse
1175 2286 1268 2349 dubi-

94 2393 227 2456 tandum
250 2396 307 2456 est.
354 2392 484 2457 Accedit
507 2393 659 2476 denique,
692 2394 776 2477 quod
798 2415 907 2457 vocem
929 2391 1070 2478 βασιλεία
1094 2390 1266 2477 Gregorius

62 2493 64 2496 ’
96 2518 222 2580 quoque
244 2494 408 2580 Nyssenus
431 2496 557 2576 omisit,
588 2497 670 2561 hanc
692 2497 894 2582 doxologiam
917 2498 1084 2562 exhibens:
1113 2500 1159 2559 dn
1182 2498 1267 2580 αὐτῷ

91 2601 113 2685 ἡ
137 2601 264 2685 δύναμις
286 2603 340 2665 καὶ
362 2602 384 2686 ἡ
406 2601 494 2679 δόξα.

182 2705 295 2790 Itaque
319 2712 484 2772 remanent
506 2708 633 2772 nonnisi
656 2710 839 2774 testimonia
856 2709 1040 2773 extrinseca.
1078 2709 1166 2784 Quae
1181 2708 1267 2771 haud

96 2812 191 2876 dubie
215 2834 278 2875 non
299 2812 391 2895 parvi
414 2813 609 2877 aestimanda
625 2817 709 2877 sunt.
748 2813 901 2877 Attamen
920 2812 1076 2897 originem
1091 2813 1267 2896 scripturae

95 2916 315 3000 aegyptiacam
349 2938 422 2992 non·
437 2917 572 2980 reddunt
595 2922 723 2982 certam.
770 2917 911 2982 Probant
934 2939 1009 2981 sane
1023 2917 1209 2980 Doctrinam
1232 2917 1266 2980 in

95 3021 246 3104 Aegypto
279 3019 449 3104 diligenter
480 3021 593 3084 lectam
625 3021 739 3101 fuisse,
770 3022 820 3086 vel
842 3022 948 3104 potius
972 3021 1142 3099 denotant,
1175 3022 1267 3104 plura

95 3125 271 3208 scripturae
286 3124 470 3188 testimonia
486 3125 525 3188 ab
542 3125 766 3189 Alexandrinis
788 3126 930 3209 profecta
949 3127 988 3190 ad
1003 3148 1061 3188 nos
1077 3126 1264 3207 pervenisse.

93 3229 174 3294 (lum
197 3232 302 3292 autem
334 3227 404 3293 fieri
426 3234 550 3313 posset,
581 3234 616 3293 ut
646 3229 803 3312 scriptura
833 3229 929 3293 etiam
961 3234 1050 3293 extra
1073 3230 1209 3312 patriam
1232 3231 1267 3294 in

93 3357 187 3398 usum
208 3333 406 3416 frequentem
429 3334 567 3413 veniret,
599 3356 664 3398 non
686 3334 750 3398 iam
772 3333 958 3397 Doctrinam
981 3335 1014 3396 in
1039 3334 1189 3419 Aegypto
1212 3358 1266 3400 ex-

93 3444 197 3503 ortam
222 3461 288 3503 esse
311 3439 538 3502 demonstrant.

184 3542 353 3618 Quaeritur
376 3565 462 3628 erge,
486 3565 563 3606 num
585 3543 668 3607 forte
691 3543 827 3627 vestigia
849 3544 884 3607 in
907 3544 1064 3626 scriptura
1087 3544 1161 3623 sint,
1185 3567 1266 3628 qnae

95 3649 195 3712 alium
218 3653 325 3713 ortum
347 3649 496 3713 indicent.
543 3648 724 3713 Cuiusmodi
765 3649 882 3713 indicia
911 3673 1020 3714 revera
1051 3650 1266 3716 inveniuntur.

95 3753 216 3818 Montio
240 3777 321 3838 qaae
344 3757 374 3834 9,
399 3756 419 3818 4
451 3755 488 3819 fit
517 3755 669 3820 frumenti
699 3755 733 3819 in
763 3755 925 3819 montibus
957 3753 1018 3817 sati
1049 3775 1112 3817 non
1143 3756 1266 3819 tamin

95 3860 279 3943 Aegyptum
303 3881 397 3941 quam
420 3858 454 3921 in
470 3857 595 3942 Syriam
618 3859 665 3922 vel
681 3858 896 3922 Palaestinam
919 3858 1074 3921 convenit.
1114 3856 1266 3921 Harnack

93 3963 220 4047 quidem
243 3963 414 4041 contendit,
440 3965 624 4042 orationem,
649 3964 681 4027 in
701 3987 764 4048 qua
787 3967 910 4027 montes
933 3967 1266 4042 commemorarentur,

93 4091 112 4132 a
134 4067 227 4152 Syria
249 4069 299 4132 vel
311 4067 491 4132 Palaestina
513 4071 546 4131 in
570 4066 755 4153 Aegyptum
767 4069 850 4132 tradi
867 4068 1016 4152 potuisse.
1056 4065 1127 4130 lure
1142 4067 1266 4151 potiore

93 4176 218 4250 autem,
251 4173 279 4236 si
301 4172 388 4237 locus
410 4172 465 4236 ille
488 4173 522 4235 in
545 4173 694 4258 Aegypto
717 4175 813 4238 scribi
835 4196 899 4238 non
922 4174 1043 4257 potuit,
1074 4173 1265 4256 scripturam

92 4278 192 4362 ipsam
218 4278 295 4342 alibi
318 4278 494 4343 confectam
518 4301 584 4343 esse
607 4278 778 4364 colligitur.
