2918 4890
646 1116 879 1194 ΔΙΑΤΑΓΑΙ

498 1259 586 1328 ΤΩΝ
608 1256 741 1326 Arm
762 1255 1037 1324 ΑΠΟΣΤΟΛΩΝ.

263 1704 289 1769 Ι.
327 1702 393 1768 Τού
415 1700 591 1788 νομοθέτου
606 1699 747 1776 Μωσέως
763 1699 926 1786 εἰρηκότος
940 1707 1005 1774 τοῖς
1019 1696 1244 1786 Ἰσραηλίταις·
1266 1698 1348 1767 Ἰδού

149 1810 302 1874 εδέδωκα
323 1812 384 1894 πρὸ
400 1808 570 1894 προσώπου
592 1807 678 1892 ὑμῶν
700 1810 757 1893 τὴν
772 1806 845 1870 ὁδὸν
867 1814 924 1890 τῆς
938 1805 1022 1890 ζωῆς
1045 1807 1101 1869 καί
1122 1809 1178 1891 τῆν
1197 1806 1271 1871 ὁδὸν
1294 1814 1349 1870 τού

175 1916 326 1998 θανάτου,
349 1916 404 1978 καί
427 1913 640 1998 ἐπιφέροντος·
662 1911 815 1990 Ἔκλεξαι
833 1916 889 1997 τῆν
905 1911 998 1996 ζωήν,
1021 1913 1071 1975 ἵνα
1086 1912 1200 1998 ζῆσης·
1223 1915 1279 1977 καί
1293 1920 1348 1976 τού

175 2020 339 2105 προφήτου
361 2017 453 2083 Ἠλία
475 2016 622 2102 λέγοντος
644 2026 688 2103 τῷ
711 2017 799 2102 λαῷ·
821 2015 908 2091 Ἕως
930 2016 1008 2080 πύτε
1030 2016 1201 2102 χωλανεῖτε
1225 2015 1274 2082 ἐπ’
1291 2019 1349 2103 ἀμ-

176 2124 322 2209 φοτέραις
344 2133 411 2199 ταῖς
434 2124 550 2208 ἰγνύαις
573 2123 677 2207 ύμών;
701 2123 729 2187 εἰ
743 2121 820 2197 θεάς
835 2122 901 2185 ἐστι
915 2121 1033 2206 κύριος,
1057 2122 1234 2207 πορεύεσθε
1249 2123 1348 2187 ὀπίσω

176 2233 290 2296 αὐτοῦ·
314 2230 445 2305 εἰκύτως
468 2229 559 2314 ἔλεγε
581 2231 637 2292 καί
659 2230 676 2292 ὁ
699 2227 807 2312 κύριος
829 2224 965 2313 Ἰησοῦς·
997 2225 1108 2304 Οὐδείς
1130 2228 1259 2293 δύναται
1281 2230 1350 2294 δυσί

137 2362 162 2400 10
175 2336 294 2420 κυρίοις
317 2334 495 2400 δουλεύειν·
517 2336 539 2419 ῆ
561 2337 624 2418 γάρ
639 2336 692 2398 τὸν
708 2335 763 2398 ένα
779 2332 901 2419 μισῆσει
922 2334 977 2397 καί
992 2335 1045 2397 τὸν
1060 2335 1166 2419 έτερον
1181 2335 1349 2421 ἀγαπήσει,

175 2442 197 2525 ἢ
220 2439 288 2516 ἐνὸς
312 2438 477 2518 ἀνθέξεται
499 2442 554 2504 καί
576 2447 631 2503 τού
655 2439 763 2524 έτέρου
781 2438 1027 2524 καταφρονήσει·
1051 2441 1081 2505 2.
1098 2439 1279 2524 ἀναγκαίως
1294 2440 1349 2505 καί

175 2547 264 2632 ἡμεῖς
287 2545 432 2631 έπύμενοι
454 2555 498 2632 τῷ
522 2546 703 2632 διδασκάλῳ
719 2544 857 2630 Χριστῷ,
882 2546 916 2620 ὅς
940 2545 1004 2608 ἐστι
1026 2547 1132 2630 σωτὴρ
1147 2544 1271 2610 πάντων
1294 2548 1348 2611 άν-

175 2651 323 2735 θρώπων,
347 2651 481 2736 μάλιστα
496 2662 622 2735 πιστῶν,
645 2651 756 2738 φαμέν,
781 2651 823 2727 ώς
844 2662 891 2713 δύο
911 2662 969 2712 οοοι
991 2663 1054 2724 εισι,
1077 2663 1124 2728 μια
1146 2665 1195 2727 τῆς
1212 2665 1285 2728 ζωῆς
1303 2665 1349 2714 και

175 2770 223 2833 μια
239 2772 286 2818 του
304 2766 428 2818 θανάτου.
471 2756 627 2843 Οὐδεμίαν
650 2759 685 2823 δέ
709 2759 870 2843 σύγκρισιν
893 2760 1018 2843 ἔχουσιν
1040 2760 1119 2842 πρὸς
1139 2757 1263 2842 έαυτάς,
1281 2770 1349 2822 πολὺ

140 2884 162 2922 ιι
175 2866 237 2947 γὰρ
259 2876 289 2926 το
313 2875 446 2939 διάφορον,
473 2863 592 2949 μᾶλλον
625 2865 659 2928 δέ
681 2865 782 2951 πάντη
805 2863 1034 2949 κεχωρισμέναι
1056 2865 1264 2949 τυγχάνουσι,
1295 2867 1350 2930 καί

176 2972 292 3054 φυσικὴ
315 2971 370 3053 μὲν
394 2970 475 3033 ἐστιν
497 2969 518 3055 ῆ
540 2978 596 3054 τῆς
612 2970 695 3054 ζωῆς
719 2969 801 3048 ύδύς,
826 2969 1010 3044 ἐπείσακτος
1033 2968 1068 3032 δέ
1089 2969 1181 3055 ῆτού
1197 2969 1349 3055 θανάτου,

176 3074 213 3136 οὐ
236 3080 290 3136 τοῦ
313 3076 396 3137 κατὰ
418 3073 544 3159 γνώμην
566 3073 645 3138 θεοῦ
662 3073 866 3158 ὑπάρξαντος,
890 3072 974 3138 ἀλλὰ
988 3080 1044 3136 τοῦ
1060 3070 1095 3151 ἐξ
1110 3072 1277 3160 ἐπιβουλῆς
1292 3082 1348 3140 τού

176 3176 353 3261 ἀλλοτρίου.

262 3281 305 3348 ΙΙ.
344 3282 459 3370 Πρώτη
489 3290 535 3346 ούν
563 3284 711 3370 τυγχάνει
744 3296 842 3362 ηοοος
859 3299 907 3362 τῆς
925 3298 1009 3362 ζωῆς·
1040 3286 1095 3349 καί
1118 3295 1186 3346 εστιν
1203 3294 1284 3362 αὕτη,
1310 3286 1349 3371 ῆν

137 3410 161 3448 ιι
176 3387 230 3450 καί
253 3385 270 3449 ὁ
293 3386 387 3471 νύμος
410 3388 601 3473 διαγορεύει,
625 3401 732 3466 αγαπαν
754 3390 862 3474 κύριον
884 3401 928 3452 τὸν
947 3401 1013 3453 θεὸν
1036 3389 1070 3468 ἐξ
1092 3389 1166 3476 ὅλης
1194 3399 1249 3475 τῆς
1280 3391 1348 3455 δια-

174 3491 259 3567 νοίας
282 3493 336 3554 καί
359 3491 392 3570 ἐξ
415 3492 490 3579 ύλης
512 3503 567 3579 τῆς
591 3493 704 3580 ψυχῆς,
726 3496 779 3557 τὸν
804 3495 859 3558 ἕνα
881 3496 936 3559 καί
959 3495 1069 3580 μύνον,
1098 3493 1172 3578 παρ’
1193 3495 1227 3558 ὃν
1252 3495 1349 3572 ἄλλος

175 3598 235 3660 οὐκ
259 3598 350 3679 ἔστιν,
373 3609 420 3658 καί
438 3609 482 3659 τὸν
500 3606 610 3675 πλησίον
629 3611 665 3672 ὡς
683 3611 783 3662 ἑαυτὸν.
818 3598 882 3663 Καί
904 3615 963 3675 πᾶν,
982 3609 1045 3677 ὃμὴ
1057 3611 1148 3675 θέλεις
1161 3611 1286 3679 γενέσθαι
1300 3628 1349 3679 σοι,

174 3716 220 3764 καί
239 3712 268 3764 σύ
297 3710 388 3767 τοῦτο
411 3714 486 3782 άλλφ
512 3716 542 3766 ού
566 3716 693 3782 ποιῆσεις.
736 3713 762 3767 2.
787 3716 931 3782 Εύλογειτε
959 3716 1021 3777 τοὺς
1044 3719 1245 3783 καταρωμένους
1274 3720 1349 3785 ὑμᾶς,

174 3818 356 3887 προσεύχεσθε
374 3819 436 3884 ὑπὲρ
455 3823 505 3871 των
524 3810 760 3896 ἐπηρεαζόντων
776 3811 866 3896 ὑμᾶς,
890 3813 1034 3896 ἀγαπᾶτε
1049 3815 1122 3887 τούς
1137 3824 1251 3891 ἐχυροὺς
1270 3826 1347 3892 ομων.

137 3932 162 3972 ιι
176 3925 246 3976 Ποία
267 3925 318 3992 γὰρ
346 3915 415 4000 ὑμῖν
445 3927 534 3993 χάρις,
558 3927 606 3977 ἐὰν
632 3927 728 3994 φιλῆτε
752 3927 813 3990 τούς
831 3927 970 3992 φιλοῦντας
994 3928 1072 3994 ύμάςς
1095 3920 1150 3982 καί
1171 3921 1233 4002 γὰρ
1258 3933 1307 3982 καί
1325 3934 1351 3984 οί

209 4075 265 4139 1,1.
287 4084 309 4130 υ.
330 4078 379 4146 τῆν
391 4078 463 4146 ζαῆν
476 4092 521 4130 om
531 4073 618 4129 Ρίύια.
636 4105 671 4113 -
690 4073 750 4131 ἰδοὺ
761 4076 764 4161 j
777 4073 882 4129 Matth.
900 4076 925 4138 6,
944 4074 985 4128 24.

174 4162 468 4233 κτλ.]Ι)οιιί.30,15.
490 4163 529 4216 19.
553 4192 587 4201 -
610 4156 763 4228 έίυςπύτε’
811 4163 835 4216 2.
867 4167 959 4237 σωτὴρ
981 4163 1052 4233 κτλ]
1081 4161 1180 4216 ITim.
1204 4164 1348 4227 4,10.-

173 4248 243 4320 κα]
263 4248 302 4302 ιιι
315 4249 383 4321 aeg.
407 4249 446 4315 18,
461 4250 503 4306 21.
521 4279 556 4289 -
574 4247 663 4318 οωεις
676 4249 748 4320 κει]
760 4216 764 4321 ί
776 4254 876 4324 ww&
887 4251 957 4323 κει]
972 4249 1180 4320 cf.Sap.1,13;
1197 4251 1348 4316 ιιι-ιι.
