<?xml version="1.0" encoding="UTF-8"?>
<!DOCTYPE html PUBLIC "-//W3C//DTD XHTML 1.0 Transitional//EN"
    "http://www.w3.org/TR/xhtml1/DTD/xhtml1-transitional.dtd">
<html xmlns="http://www.w3.org/1999/xhtml" xml:lang="en" lang="en">
 <head>
  <title>
</title>
<meta http-equiv="Content-Type" content="text/html;charset=utf-8" />
  <meta name='ocr-system' content='tesseract 3.04.00' />
  <meta name='ocr-capabilities' content='ocr_page ocr_carea ocr_par ocr_line ocrx_word'/>
</head>
<body>
  <div class='ocr_page' id='page_1' title='image "./doctrinaduodeci00funkgoog_0072.png"; bbox 0 0 2918 4890; ppageno 0'>
   <div class='ocr_carea' id='block_1_1' title="bbox 314 336 1312 407">
    <p class='ocr_par' dir='ltr' id='par_1_1' title="bbox 314 336 1312 407">
     <span class='ocr_line' id='line_1_1' title="bbox 314 336 1312 407; baseline 0.002 -14"><span class='ocrx_word' id='word_1_1' title='bbox 314 336 640 393; x_wconf 80' lang='lat' dir='ltr'>CONSTITUTIONUM</span> <span class='ocrx_word' id='word_1_2' title='bbox 659 336 924 394; x_wconf 79' lang='lat' dir='ltr'>APOSTOLORUM</span> <span class='ocrx_word' id='word_1_3' title='bbox 943 338 1050 392; x_wconf 81' lang='lat' dir='ltr'><strong>LIBER</strong></span> <span class='ocrx_word' id='word_1_4' title='bbox 1068 339 1129 394; x_wconf 82' lang='lat' dir='ltr'>Vll.</span> <span class='ocrx_word' id='word_1_5' title='bbox 1239 341 1312 407; x_wconf 82' lang='lat' dir='ltr'>LIX</span> 
     </span>
    </p>
   </div>
   <div class='ocr_carea' id='block_1_2' title="bbox 134 496 1313 3411">
    <p class='ocr_par' dir='ltr' id='par_1_2' title="bbox 134 496 1313 3411">
     <span class='ocr_line' id='line_1_2' title="bbox 139 496 1313 583; baseline 0.003 -23"><span class='ocrx_word' id='word_1_6' title='bbox 139 499 168 560; x_wconf 87' lang='lat' dir='ltr'>et</span> <span class='ocrx_word' id='word_1_7' title='bbox 191 496 292 560; x_wconf 86' lang='lat' dir='ltr'>edidit</span> <span class='ocrx_word' id='word_1_8' title='bbox 315 501 347 561; x_wconf 89' lang='lat' dir='ltr'>et</span> <span class='ocrx_word' id='word_1_9' title='bbox 369 497 402 560; x_wconf 90' lang='lat' dir='ltr'>in</span> <span class='ocrx_word' id='word_1_10' title='bbox 426 497 569 581; x_wconf 82' lang='lat' dir='ltr'><strong>linguam</strong></span> <span class='ocrx_word' id='word_1_11' title='bbox 585 518 733 581; x_wconf 79' lang='lat' dir='ltr'>graecam</span> <span class='ocrx_word' id='word_1_12' title='bbox 748 499 931 561; x_wconf 89' lang='lat' dir='ltr'>retrovertit</span> <span class='ocrx_word' id='word_1_13' title='bbox 944 497 978 579; x_wconf 90' lang='lat'>¹).</span> <span class='ocrx_word' id='word_1_14' title='bbox 1017 497 1170 562; x_wconf 88' lang='lat' dir='ltr'>Recensio</span> <span class='ocrx_word' id='word_1_15' title='bbox 1185 499 1313 583; x_wconf 79' lang='lat' dir='ltr'><strong>longior</strong></span> 
     </span>
     <span class='ocr_line' id='line_1_3' title="bbox 136 601 1311 687; baseline 0.003 -24"><span class='ocrx_word' id='word_1_16' title='bbox 136 601 167 664; x_wconf 89' lang='lat' dir='ltr'>in</span> <span class='ocrx_word' id='word_1_17' title='bbox 191 601 283 666; x_wconf 89' lang='lat' dir='ltr'>libris</span> <span class='ocrx_word' id='word_1_18' title='bbox 306 625 360 666; x_wconf 86' lang='lat' dir='ltr'>sex</span> <span class='ocrx_word' id='word_1_19' title='bbox 383 602 543 686; x_wconf 80' lang='lat' dir='ltr'>prioribus</span> <span class='ocrx_word' id='word_1_20' title='bbox 568 601 671 685; x_wconf 90' lang='lat' dir='ltr'>operis</span> <span class='ocrx_word' id='word_1_21' title='bbox 694 602 809 686; x_wconf 78' lang='lat' dir='ltr'>graeci,</span> <span class='ocrx_word' id='word_1_22' title='bbox 834 602 918 685; x_wconf 89' lang='lat' dir='ltr'>quod</span> <span class='ocrx_word' id='word_1_23' title='bbox 941 602 980 665; x_wconf 92' lang='lat' dir='ltr'>ad</span> <span class='ocrx_word' id='word_1_24' title='bbox 1002 625 1060 666; x_wconf 89' lang='lat' dir='ltr'>nos</span> <span class='ocrx_word' id='word_1_25' title='bbox 1083 605 1236 687; x_wconf 79' lang='lat' dir='ltr'>pervenit,</span> <span class='ocrx_word' id='word_1_26' title='bbox 1261 609 1311 668; x_wconf 88' lang='lat' dir='ltr'>at-</span> 
     </span>
     <span class='ocr_line' id='line_1_4' title="bbox 138 707 1310 793; baseline 0.003 -24"><span class='ocrx_word' id='word_1_27' title='bbox 138 728 197 789; x_wconf 92' lang='lat' dir='ltr'>que</span> <span class='ocrx_word' id='word_1_28' title='bbox 220 707 255 769; x_wconf 90' lang='lat' dir='ltr'>in</span> <span class='ocrx_word' id='word_1_29' title='bbox 278 708 390 772; x_wconf 89' lang='lat' dir='ltr'>ceteris</span> <span class='ocrx_word' id='word_1_30' title='bbox 406 708 603 772; x_wconf 84' lang='lat' dir='ltr'><strong>versionibus</strong></span> <span class='ocrx_word' id='word_1_31' title='bbox 620 708 827 773; x_wconf 80' lang='lat' dir='ltr'>orientalibus</span> <span class='ocrx_word' id='word_1_32' title='bbox 844 712 957 772; x_wconf 87' lang='lat' dir='ltr'>exstat.</span> <span class='ocrx_word' id='word_1_33' title='bbox 996 709 1059 773; x_wconf 92' lang='lat' dir='ltr'>Diu</span> <span class='ocrx_word' id='word_1_34' title='bbox 1076 710 1310 793; x_wconf 83' lang='lat' dir='ltr'>disputabatur,</span> 
     </span>
     <span class='ocr_line' id='line_1_5' title="bbox 135 812 1311 896; baseline 0.003 -22"><span class='ocrx_word' id='word_1_35' title='bbox 135 815 207 876; x_wconf 88' lang='lat' dir='ltr'>utra</span> <span class='ocrx_word' id='word_1_36' title='bbox 231 813 371 877; x_wconf 79' lang='lat' dir='ltr'>recensio</span> <span class='ocrx_word' id='word_1_37' title='bbox 393 813 496 896; x_wconf 84' lang='lat' dir='ltr'>prior,</span> <span class='ocrx_word' id='word_1_38' title='bbox 529 836 605 877; x_wconf 93' lang='lat' dir='ltr'>num</span> <span class='ocrx_word' id='word_1_39' title='bbox 627 812 808 877; x_wconf 84' lang='lat' dir='ltr'>Didascalia</span> <span class='ocrx_word' id='word_1_40' title='bbox 841 814 1057 896; x_wconf 86' lang='lat' dir='ltr'>apostolorum</span> <span class='ocrx_word' id='word_1_41' title='bbox 1088 815 1138 878; x_wconf 86' lang='lat' dir='ltr'>vel</span> <span class='ocrx_word' id='word_1_42' title='bbox 1171 815 1311 879; x_wconf 88' lang='lat' dir='ltr'>recensio</span> 
     </span>
     <span class='ocr_line' id='line_1_6' title="bbox 136 917 1311 1001; baseline 0.003 -21"><span class='ocrx_word' id='word_1_43' title='bbox 136 917 265 981; x_wconf 84' lang='lat' dir='ltr'>brevior</span> <span class='ocrx_word' id='word_1_44' title='bbox 288 940 304 981; x_wconf 91' lang='lat' dir='ltr'>a</span> <span class='ocrx_word' id='word_1_45' title='bbox 328 917 504 1000; x_wconf 91' lang='lat' dir='ltr'>posteriore</span> <span class='ocrx_word' id='word_1_46' title='bbox 526 918 719 1001; x_wconf 86' lang='lat' dir='ltr'>interpolata</span> <span class='ocrx_word' id='word_1_47' title='bbox 749 921 845 1001; x_wconf 87' lang='lat' dir='ltr'>atque</span> <span class='ocrx_word' id='word_1_48' title='bbox 868 918 1062 1001; x_wconf 89' lang='lat' dir='ltr'>amplificata</span> <span class='ocrx_word' id='word_1_49' title='bbox 1085 941 1126 982; x_wconf 88' lang='lat' dir='ltr'>an</span> <span class='ocrx_word' id='word_1_50' title='bbox 1149 918 1311 983; x_wconf 80' lang='lat' dir='ltr'>Constitu·</span> 
     </span>
     <span class='ocr_line' id='line_1_7' title="bbox 134 1021 1310 1106; baseline 0.004 -22"><span class='ocrx_word' id='word_1_51' title='bbox 134 1022 237 1087; x_wconf 88' lang='lat' dir='ltr'>tiones</span> <span class='ocrx_word' id='word_1_52' title='bbox 269 1023 487 1105; x_wconf 86' lang='lat' dir='ltr'>apostolorum</span> <span class='ocrx_word' id='word_1_53' title='bbox 522 1023 704 1087; x_wconf 90' lang='lat' dir='ltr'>decurtatae</span> <span class='ocrx_word' id='word_1_54' title='bbox 737 1023 881 1086; x_wconf 88' lang='lat' dir='ltr'>fuissent.</span> <span class='ocrx_word' id='word_1_55' title='bbox 928 1021 998 1086; x_wconf 88' lang='lat' dir='ltr'>Hoc</span> <span class='ocrx_word' id='word_1_56' title='bbox 1030 1027 1171 1106; x_wconf 90' lang='lat' dir='ltr'>tempore</span> <span class='ocrx_word' id='word_1_57' title='bbox 1202 1047 1310 1089; x_wconf 90' lang='lat' dir='ltr'>omnes</span> 
     </span>
     <span class='ocr_line' id='line_1_8' title="bbox 136 1126 1235 1210; baseline 0.005 -21"><span class='ocrx_word' id='word_1_58' title='bbox 136 1128 315 1192; x_wconf 88' lang='lat' dir='ltr'>consentire</span> <span class='ocrx_word' id='word_1_59' title='bbox 339 1127 496 1204; x_wconf 83' lang='lat' dir='ltr'>videntur,</span> <span class='ocrx_word' id='word_1_60' title='bbox 520 1126 734 1191; x_wconf 87' lang='lat' dir='ltr'>Didascaliam</span> <span class='ocrx_word' id='word_1_61' title='bbox 758 1126 975 1210; x_wconf 84' lang='lat' dir='ltr'>apostolorum</span> <span class='ocrx_word' id='word_1_62' title='bbox 998 1128 1136 1210; x_wconf 88' lang='lat' dir='ltr'>priorem</span> <span class='ocrx_word' id='word_1_63' title='bbox 1161 1151 1235 1195; x_wconf 88' lang='lat' dir='ltr'>esse.</span> 
     </span>
     <span class='ocr_line' id='line_1_9' title="bbox 221 1230 1311 1316; baseline 0.002 -19"><span class='ocrx_word' id='word_1_64' title='bbox 221 1231 385 1316; x_wconf 72' lang='lat' dir='ltr'>Scriptura</span> <span class='ocrx_word' id='word_1_65' title='bbox 413 1232 499 1296; x_wconf 91' lang='lat' dir='ltr'>haud</span> <span class='ocrx_word' id='word_1_66' title='bbox 530 1232 625 1296; x_wconf 92' lang='lat' dir='ltr'>dubie</span> <span class='ocrx_word' id='word_1_67' title='bbox 657 1232 781 1296; x_wconf 89' lang='lat' dir='ltr'>saeculo</span> <span class='ocrx_word' id='word_1_68' title='bbox 803 1230 853 1297; x_wconf 87' lang='lat' dir='ltr'>III</span> <span class='ocrx_word' id='word_1_69' title='bbox 875 1236 986 1296; x_wconf 87' lang='lat' dir='ltr'>exorta</span> <span class='ocrx_word' id='word_1_70' title='bbox 1009 1235 1066 1296; x_wconf 90' lang='lat' dir='ltr'>est.</span> <span class='ocrx_word' id='word_1_71' title='bbox 1112 1233 1183 1308; x_wconf 79' lang='lat' dir='ltr'>Qua</span> <span class='ocrx_word' id='word_1_72' title='bbox 1205 1238 1311 1299; x_wconf 91' lang='lat' dir='ltr'>autem</span> 
     </span>
     <span class='ocr_line' id='line_1_10' title="bbox 137 1336 1312 1422; baseline 0.003 -22"><span class='ocrx_word' id='word_1_73' title='bbox 137 1337 255 1402; x_wconf 89' lang='lat' dir='ltr'>saeculi</span> <span class='ocrx_word' id='word_1_74' title='bbox 279 1341 369 1421; x_wconf 87' lang='lat' dir='ltr'>parte</span> <span class='ocrx_word' id='word_1_75' title='bbox 392 1338 571 1420; x_wconf 90' lang='lat' dir='ltr'>conscripta</span> <span class='ocrx_word' id='word_1_76' title='bbox 593 1337 645 1416; x_wconf 83' lang='lat' dir='ltr'>sit,</span> <span class='ocrx_word' id='word_1_77' title='bbox 669 1338 774 1401; x_wconf 90' lang='lat' dir='ltr'>minus</span> <span class='ocrx_word' id='word_1_78' title='bbox 798 1337 918 1401; x_wconf 90' lang='lat' dir='ltr'>clarum</span> <span class='ocrx_word' id='word_1_79' title='bbox 941 1340 997 1401; x_wconf 90' lang='lat' dir='ltr'>est.</span> <span class='ocrx_word' id='word_1_80' title='bbox 1044 1336 1122 1401; x_wconf 74' lang='lat' dir='ltr'>Cum</span> <span class='ocrx_word' id='word_1_81' title='bbox 1147 1339 1312 1422; x_wconf 91' lang='lat' dir='ltr'>episcopus</span> 
     </span>
     <span class='ocr_line' id='line_1_11' title="bbox 135 1439 1311 1526; baseline 0.003 -22"><span class='ocrx_word' id='word_1_82' title='bbox 135 1439 175 1519; x_wconf 87' lang='grc' dir='ltr'>ΙΙ,</span> <span class='ocrx_word' id='word_1_83' title='bbox 202 1441 330 1505; x_wconf 90' lang='grc'><strong>11-18</strong></span> <span class='ocrx_word' id='word_1_84' title='bbox 355 1441 497 1526; x_wconf 83' lang='lat' dir='ltr'>graviter</span> <span class='ocrx_word' id='word_1_85' title='bbox 520 1440 744 1519; x_wconf 87' lang='lat' dir='ltr'>admoneatur,</span> <span class='ocrx_word' id='word_1_86' title='bbox 775 1445 812 1504; x_wconf 91' lang='lat' dir='ltr'>ut</span> <span class='ocrx_word' id='word_1_87' title='bbox 841 1444 1019 1524; x_wconf 89' lang='lat' dir='ltr'>peccatores</span> <span class='ocrx_word' id='word_1_88' title='bbox 1042 1441 1239 1524; x_wconf 88' lang='lat' dir='ltr'>paenitentes</span> <span class='ocrx_word' id='word_1_89' title='bbox 1261 1466 1311 1507; x_wconf 91' lang='lat' dir='ltr'>re-</span> 
     </span>
     <span class='ocr_line' id='line_1_12' title="bbox 134 1545 1311 1631; baseline 0.001 -21"><span class='ocrx_word' id='word_1_90' title='bbox 134 1547 233 1630; x_wconf 87' lang='lat' dir='ltr'>cipiat</span> <span class='ocrx_word' id='word_1_91' title='bbox 255 1568 357 1631; x_wconf 89' lang='lat' dir='ltr'>neque</span> <span class='ocrx_word' id='word_1_92' title='bbox 380 1568 503 1630; x_wconf 86' lang='lat' dir='ltr'>semper</span> <span class='ocrx_word' id='word_1_93' title='bbox 526 1546 655 1625; x_wconf 84' lang='lat' dir='ltr'>reiciat,</span> <span class='ocrx_word' id='word_1_94' title='bbox 688 1568 758 1610; x_wconf 90' lang='lat' dir='ltr'>eam</span> <span class='ocrx_word' id='word_1_95' title='bbox 788 1547 915 1611; x_wconf 91' lang='lat' dir='ltr'>nonnisi</span> <span class='ocrx_word' id='word_1_96' title='bbox 945 1545 1114 1611; x_wconf 75' lang='lat' dir='ltr'>schismate</span> <span class='ocrx_word' id='word_1_97' title='bbox 1137 1545 1311 1612; x_wconf 80' lang='lat' dir='ltr'>Novatiani</span> 
     </span>
     <span class='ocr_line' id='line_1_13' title="bbox 134 1648 1312 1732; baseline 0 -18"><span class='ocrx_word' id='word_1_98' title='bbox 134 1654 246 1714; x_wconf 85' lang='lat' dir='ltr'>exorto</span> <span class='ocrx_word' id='word_1_99' title='bbox 262 1650 438 1715; x_wconf 88' lang='lat' dir='ltr'>confectam</span> <span class='ocrx_word' id='word_1_100' title='bbox 462 1671 528 1714; x_wconf 88' lang='lat' dir='ltr'>esse</span> <span class='ocrx_word' id='word_1_101' title='bbox 551 1649 666 1732; x_wconf 87' lang='lat' dir='ltr'>aliquis</span> <span class='ocrx_word' id='word_1_102' title='bbox 688 1649 886 1714; x_wconf 86' lang='lat' dir='ltr'>concluserit.</span> <span class='ocrx_word' id='word_1_103' title='bbox 925 1648 986 1714; x_wconf 80' lang='lat' dir='ltr'>Sed</span> <span class='ocrx_word' id='word_1_104' title='bbox 1002 1654 1112 1714; x_wconf 90' lang='lat' dir='ltr'>auctor</span> <span class='ocrx_word' id='word_1_105' title='bbox 1129 1651 1148 1714; x_wconf 92' lang='lat' dir='ltr'>l.</span> <span class='ocrx_word' id='word_1_106' title='bbox 1166 1672 1191 1714; x_wconf 86' lang='lat' dir='ltr'>c.</span> <span class='ocrx_word' id='word_1_107' title='bbox 1214 1653 1312 1715; x_wconf 91' lang='lat' dir='ltr'>etiam</span> 
     </span>
     <span class='ocr_line' id='line_1_14' title="bbox 137 1753 1312 1839; baseline 0.002 -21"><span class='ocrx_word' id='word_1_108' title='bbox 137 1754 354 1820; x_wconf 84' lang='lat' dir='ltr'>Montanistas</span> <span class='ocrx_word' id='word_1_109' title='bbox 377 1756 427 1820; x_wconf 91' lang='lat' dir='ltr'>vel</span> <span class='ocrx_word' id='word_1_110' title='bbox 451 1754 529 1818; x_wconf 89' lang='lat' dir='ltr'>alios</span> <span class='ocrx_word' id='word_1_111' title='bbox 553 1753 738 1837; x_wconf 88' lang='lat' dir='ltr'>disciplinae</span> <span class='ocrx_word' id='word_1_112' title='bbox 766 1754 932 1817; x_wconf 85' lang='lat' dir='ltr'>severioris</span> <span class='ocrx_word' id='word_1_113' title='bbox 960 1757 1130 1820; x_wconf 89' lang='lat' dir='ltr'>sectatores</span> <span class='ocrx_word' id='word_1_114' title='bbox 1159 1757 1312 1839; x_wconf 81' lang='lat' dir='ltr'>respicere</span> 
     </span>
     <span class='ocr_line' id='line_1_15' title="bbox 136 1857 1311 1943; baseline 0.002 -20"><span class='ocrx_word' id='word_1_115' title='bbox 136 1861 253 1943; x_wconf 90' lang='lat' dir='ltr'>potuit.</span> <span class='ocrx_word' id='word_1_116' title='bbox 299 1857 411 1942; x_wconf 88' lang='lat' dir='ltr'>Itaque</span> <span class='ocrx_word' id='word_1_117' title='bbox 443 1879 507 1922; x_wconf 90' lang='lat' dir='ltr'>non</span> <span class='ocrx_word' id='word_1_118' title='bbox 531 1862 741 1937; x_wconf 68' lang='lat' dir='ltr'>ostentum,</span> <span class='ocrx_word' id='word_1_119' title='bbox 774 1859 965 1942; x_wconf 74' lang='lat' dir='ltr'>scripturam</span> <span class='ocrx_word' id='word_1_120' title='bbox 999 1864 1072 1942; x_wconf 88' lang='lat' dir='ltr'>post</span> <span class='ocrx_word' id='word_1_121' title='bbox 1093 1859 1311 1925; x_wconf 85' lang='lat' dir='ltr'>Novatianum</span> 
     </span>
     <span class='ocr_line' id='line_1_16' title="bbox 137 1961 1310 2049; baseline 0.002 -21"><span class='ocrx_word' id='word_1_122' title='bbox 137 1964 344 2047; x_wconf 73' lang='lat' dir='ltr'>compositam</span> <span class='ocrx_word' id='word_1_123' title='bbox 368 1985 444 2028; x_wconf 90' lang='lat' dir='ltr'>esse.</span> <span class='ocrx_word' id='word_1_124' title='bbox 481 1961 574 2026; x_wconf 88' lang='lat' dir='ltr'>Nihil</span> <span class='ocrx_word' id='word_1_125' title='bbox 597 1985 672 2026; x_wconf 89' lang='lat' dir='ltr'>sane</span> <span class='ocrx_word' id='word_1_126' title='bbox 687 1962 839 2042; x_wconf 85' lang='lat' dir='ltr'>continet,</span> <span class='ocrx_word' id='word_1_127' title='bbox 862 1963 946 2046; x_wconf 90' lang='lat' dir='ltr'>quod</span> <span class='ocrx_word' id='word_1_128' title='bbox 961 1963 1124 2047; x_wconf 83' lang='lat' dir='ltr'>impediat,</span> <span class='ocrx_word' id='word_1_129' title='bbox 1148 1966 1226 2049; x_wconf 92' lang='lat' dir='ltr'>quin</span> <span class='ocrx_word' id='word_1_130' title='bbox 1241 1988 1310 2030; x_wconf 89' lang='lat' dir='ltr'>eam</span> 
     </span>
     <span class='ocr_line' id='line_1_17' title="bbox 138 2066 1310 2150; baseline 0.003 -18"><span class='ocrx_word' id='word_1_131' title='bbox 138 2068 263 2133; x_wconf 88' lang='lat' dir='ltr'>saeculo</span> <span class='ocrx_word' id='word_1_132' title='bbox 279 2066 328 2132; x_wconf 91' lang='grc' dir='ltr'>ΠΙ</span> <span class='ocrx_word' id='word_1_133' title='bbox 338 2067 442 2132; x_wconf 91' lang='lat' dir='ltr'>medio</span> <span class='ocrx_word' id='word_1_134' title='bbox 459 2067 509 2132; x_wconf 91' lang='lat' dir='ltr'>vel</span> <span class='ocrx_word' id='word_1_135' title='bbox 521 2067 617 2131; x_wconf 87' lang='lat' dir='ltr'>etiam</span> <span class='ocrx_word' id='word_1_136' title='bbox 633 2069 740 2150; x_wconf 87' lang='lat' dir='ltr'>paullo</span> <span class='ocrx_word' id='word_1_137' title='bbox 756 2067 844 2150; x_wconf 89' lang='lat' dir='ltr'>prius</span> <span class='ocrx_word' id='word_1_138' title='bbox 860 2072 1023 2132; x_wconf 85' lang='lat' dir='ltr'>exaratam</span> <span class='ocrx_word' id='word_1_139' title='bbox 1038 2091 1104 2134; x_wconf 88' lang='lat' dir='ltr'>esse</span> <span class='ocrx_word' id='word_1_140' title='bbox 1118 2091 1310 2135; x_wconf 82' lang='lat' dir='ltr'>censeamus.</span> 
     </span>
     <span class='ocr_line' id='line_1_18' title="bbox 224 2171 1310 2258; baseline 0.003 -22"><span class='ocrx_word' id='word_1_141' title='bbox 224 2172 272 2237; x_wconf 91' lang='lat' dir='ltr'>De</span> <span class='ocrx_word' id='word_1_142' title='bbox 302 2172 483 2237; x_wconf 87' lang='lat' dir='ltr'>recensione</span> <span class='ocrx_word' id='word_1_143' title='bbox 514 2172 658 2256; x_wconf 83' lang='lat' dir='ltr'>longiore</span> <span class='ocrx_word' id='word_1_144' title='bbox 689 2173 739 2236; x_wconf 86' lang='lat' dir='ltr'>vel</span> <span class='ocrx_word' id='word_1_145' title='bbox 769 2171 1059 2238; x_wconf 79' lang='lat' dir='ltr'>Constitutionibus</span> <span class='ocrx_word' id='word_1_146' title='bbox 1094 2175 1310 2258; x_wconf 90' lang='lat' dir='ltr'>apostolorum</span> 
     </span>
     <span class='ocr_line' id='line_1_19' title="bbox 135 2277 1309 2362; baseline 0.001 -19"><span class='ocrx_word' id='word_1_147' title='bbox 135 2284 210 2344; x_wconf 90' lang='lat' dir='ltr'>ante</span> <span class='ocrx_word' id='word_1_148' title='bbox 232 2279 339 2343; x_wconf 91' lang='lat' dir='ltr'>omnia</span> <span class='ocrx_word' id='word_1_149' title='bbox 355 2279 446 2342; x_wconf 92' lang='lat' dir='ltr'>nobis</span> <span class='ocrx_word' id='word_1_150' title='bbox 462 2279 676 2362; x_wconf 87' lang='lat' dir='ltr'>quaerendum</span> <span class='ocrx_word' id='word_1_151' title='bbox 692 2283 749 2358; x_wconf 78' lang='lat' dir='ltr'>est,</span> <span class='ocrx_word' id='word_1_152' title='bbox 773 2302 849 2343; x_wconf 92' lang='lat' dir='ltr'>num</span> <span class='ocrx_word' id='word_1_153' title='bbox 874 2279 948 2342; x_wconf 92' lang='lat' dir='ltr'>libri</span> <span class='ocrx_word' id='word_1_154' title='bbox 963 2277 1072 2343; x_wconf 91' lang='lat' dir='ltr'>I—VI</span> <span class='ocrx_word' id='word_1_155' title='bbox 1094 2284 1126 2344; x_wconf 93' lang='lat' dir='ltr'>et</span> <span class='ocrx_word' id='word_1_156' title='bbox 1148 2280 1230 2345; x_wconf 92' lang='lat' dir='ltr'>liber</span> <span class='ocrx_word' id='word_1_157' title='bbox 1245 2280 1309 2344; x_wconf 90' lang='lat' dir='ltr'>Vll</span> 
     </span>
     <span class='ocr_line' id='line_1_20' title="bbox 136 2383 1309 2469; baseline 0.001 -21"><span class='ocrx_word' id='word_1_158' title='bbox 136 2385 176 2448; x_wconf 87' lang='lat' dir='ltr'>ab</span> <span class='ocrx_word' id='word_1_159' title='bbox 199 2406 263 2448; x_wconf 89' lang='lat' dir='ltr'>uno</span> <span class='ocrx_word' id='word_1_160' title='bbox 287 2383 459 2467; x_wconf 90' lang='lat' dir='ltr'>eodemque</span> <span class='ocrx_word' id='word_1_161' title='bbox 480 2383 550 2447; x_wconf 83' lang='lat' dir='ltr'>viro</span> <span class='ocrx_word' id='word_1_162' title='bbox 573 2383 743 2468; x_wconf 89' lang='lat' dir='ltr'>conscripti</span> <span class='ocrx_word' id='word_1_163' title='bbox 771 2385 821 2449; x_wconf 86' lang='lat' dir='ltr'>vel</span> <span class='ocrx_word' id='word_1_164' title='bbox 844 2385 950 2469; x_wconf 90' lang='lat' dir='ltr'>potius</span> <span class='ocrx_word' id='word_1_165' title='bbox 973 2384 1157 2468; x_wconf 85' lang='lat' dir='ltr'>interpolati</span> <span class='ocrx_word' id='word_1_166' title='bbox 1179 2385 1309 2464; x_wconf 83' lang='lat' dir='ltr'>fuerint,</span> 
     </span>
     <span class='ocr_line' id='line_1_21' title="bbox 136 2487 1311 2571; baseline 0 -18"><span class='ocrx_word' id='word_1_167' title='bbox 136 2511 208 2553; x_wconf 94' lang='lat' dir='ltr'>cum</span> <span class='ocrx_word' id='word_1_168' title='bbox 241 2492 376 2571; x_wconf 87' lang='lat' dir='ltr'>utraque</span> <span class='ocrx_word' id='word_1_169' title='bbox 408 2487 566 2570; x_wconf 91' lang='lat' dir='ltr'>scriptura</span> <span class='ocrx_word' id='word_1_170' title='bbox 595 2487 717 2551; x_wconf 91' lang='lat' dir='ltr'>elibro</span> <span class='ocrx_word' id='word_1_171' title='bbox 740 2488 893 2552; x_wconf 87' lang='lat' dir='ltr'>veteriore</span> <span class='ocrx_word' id='word_1_172' title='bbox 923 2490 1114 2571; x_wconf 87' lang='lat' dir='ltr'>provenerit.</span> <span class='ocrx_word' id='word_1_173' title='bbox 1161 2489 1311 2565; x_wconf 82' lang='lat' dir='ltr'>Quaestio</span> 
     </span>
     <span class='ocr_line' id='line_1_22' title="bbox 136 2590 1310 2673; baseline 0 -15"><span class='ocrx_word' id='word_1_174' title='bbox 136 2593 325 2658; x_wconf 82' lang='lat' dir='ltr'>affirmanda</span> <span class='ocrx_word' id='word_1_175' title='bbox 353 2615 419 2656; x_wconf 90' lang='lat' dir='ltr'>esse</span> <span class='ocrx_word' id='word_1_176' title='bbox 449 2592 584 2656; x_wconf 81' lang='lat' dir='ltr'>videtur.</span> <span class='ocrx_word' id='word_1_177' title='bbox 630 2590 704 2656; x_wconf 89' lang='lat' dir='ltr'>Non</span> <span class='ocrx_word' id='word_1_178' title='bbox 729 2593 832 2657; x_wconf 90' lang='lat' dir='ltr'>solum</span> <span class='ocrx_word' id='word_1_179' title='bbox 859 2593 939 2657; x_wconf 93' lang='lat' dir='ltr'>nihil</span> <span class='ocrx_word' id='word_1_180' title='bbox 963 2594 1159 2659; x_wconf 87' lang='lat' dir='ltr'>contrarium</span> <span class='ocrx_word' id='word_1_181' title='bbox 1181 2595 1310 2673; x_wconf 86' lang='lat' dir='ltr'>indicat,</span> 
     </span>
     <span class='ocr_line' id='line_1_23' title="bbox 136 2697 1311 2782; baseline 0 -19"><span class='ocrx_word' id='word_1_182' title='bbox 136 2699 189 2763; x_wconf 92' lang='lat' dir='ltr'>sed</span> <span class='ocrx_word' id='word_1_183' title='bbox 213 2698 310 2762; x_wconf 89' lang='lat' dir='ltr'>etiam</span> <span class='ocrx_word' id='word_1_184' title='bbox 332 2697 426 2781; x_wconf 87' lang='lat' dir='ltr'>plura</span> <span class='ocrx_word' id='word_1_185' title='bbox 448 2700 616 2780; x_wconf 89' lang='lat' dir='ltr'>utramque</span> <span class='ocrx_word' id='word_1_186' title='bbox 640 2698 828 2781; x_wconf 89' lang='lat' dir='ltr'>scripturam</span> <span class='ocrx_word' id='word_1_187' title='bbox 853 2697 1022 2762; x_wconf 90' lang='lat' dir='ltr'>abeodem</span> <span class='ocrx_word' id='word_1_188' title='bbox 1046 2704 1173 2764; x_wconf 90' lang='lat' dir='ltr'>auctore</span> <span class='ocrx_word' id='word_1_189' title='bbox 1196 2700 1311 2782; x_wconf 89' lang='lat' dir='ltr'>ampli·</span> 
     </span>
     <span class='ocr_line' id='line_1_24' title="bbox 136 2800 1311 2886; baseline -0.001 -19"><span class='ocrx_word' id='word_1_190' title='bbox 136 2803 263 2867; x_wconf 89' lang='lat' dir='ltr'>ficatam</span> <span class='ocrx_word' id='word_1_191' title='bbox 286 2825 352 2867; x_wconf 89' lang='lat' dir='ltr'>esse</span> <span class='ocrx_word' id='word_1_192' title='bbox 374 2802 521 2886; x_wconf 89' lang='lat' dir='ltr'>probant.</span> <span class='ocrx_word' id='word_1_193' title='bbox 561 2800 598 2865; x_wconf 90' lang='lat' dir='ltr'>In</span> <span class='ocrx_word' id='word_1_194' title='bbox 621 2805 757 2886; x_wconf 90' lang='lat' dir='ltr'>utraque</span> <span class='ocrx_word' id='word_1_195' title='bbox 776 2802 860 2866; x_wconf 91' lang='lat' dir='ltr'>enim</span> <span class='ocrx_word' id='word_1_196' title='bbox 877 2802 953 2866; x_wconf 89' lang='lat' dir='ltr'>libri</span> <span class='ocrx_word' id='word_1_197' title='bbox 968 2802 1168 2867; x_wconf 87' lang='lat' dir='ltr'>Psalmorum</span> <span class='ocrx_word' id='word_1_198' title='bbox 1185 2807 1217 2868; x_wconf 90' lang='lat' dir='ltr'>et</span> <span class='ocrx_word' id='word_1_199' title='bbox 1231 2802 1311 2867; x_wconf 94' lang='lat' dir='ltr'>Pro·</span> 
     </span>
     <span class='ocr_line' id='line_1_25' title="bbox 137 2906 1311 2991; baseline 0 -20"><span class='ocrx_word' id='word_1_200' title='bbox 137 2908 318 2972; x_wconf 91' lang='lat' dir='ltr'>verbiorum</span> <span class='ocrx_word' id='word_1_201' title='bbox 348 2907 536 2990; x_wconf 88' lang='lat' dir='ltr'>praesertim</span> <span class='ocrx_word' id='word_1_202' title='bbox 560 2907 599 2970; x_wconf 88' lang='lat' dir='ltr'>ad</span> <span class='ocrx_word' id='word_1_203' title='bbox 621 2911 745 2971; x_wconf 83' lang='lat' dir='ltr'>textum</span> <span class='ocrx_word' id='word_1_204' title='bbox 767 2907 993 2972; x_wconf 89' lang='lat' dir='ltr'>illustrandum</span> <span class='ocrx_word' id='word_1_205' title='bbox 1019 2908 1059 2972; x_wconf 87' lang='lat' dir='ltr'>ab</span> <span class='ocrx_word' id='word_1_206' title='bbox 1083 2906 1311 2991; x_wconf 89' lang='lat' dir='ltr'>interpolatore</span> 
     </span>
     <span class='ocr_line' id='line_1_26' title="bbox 138 2997 1311 3095; baseline 0.002 -21"><span class='ocrx_word' id='word_1_207' title='bbox 138 3010 276 3075; x_wconf 89' lang='lat' dir='ltr'>adhibiti</span> <span class='ocrx_word' id='word_1_208' title='bbox 293 3013 376 3074; x_wconf 88' lang='lat' dir='ltr'>sunt.</span> <span class='ocrx_word' id='word_1_209' title='bbox 415 2997 537 3075; x_wconf 89' lang='lat' dir='ltr'>Deinde</span> <span class='ocrx_word' id='word_1_210' title='bbox 553 3033 633 3095; x_wconf 90' lang='lat' dir='ltr'>quae</span> <span class='ocrx_word' id='word_1_211' title='bbox 648 3010 722 3090; x_wconf 85' lang='lat' dir='ltr'>Vll,</span> <span class='ocrx_word' id='word_1_212' title='bbox 740 3013 759 3074; x_wconf 85' lang='lat'><strong>2</strong></span> <span class='ocrx_word' id='word_1_213' title='bbox 784 3012 821 3076; x_wconf 92' lang='lat' dir='ltr'>de</span> <span class='ocrx_word' id='word_1_214' title='bbox 836 3013 1033 3094; x_wconf 88' lang='lat' dir='ltr'>paederastia</span> <span class='ocrx_word' id='word_1_215' title='bbox 1059 3017 1091 3077; x_wconf 91' lang='lat' dir='ltr'>et</span> <span class='ocrx_word' id='word_1_216' title='bbox 1101 3012 1311 3077; x_wconf 87' lang='lat' dir='ltr'>fornicatione</span> 
     </span>
     <span class='ocr_line' id='line_1_27' title="bbox 140 3115 1312 3201; baseline 0.002 -21"><span class='ocrx_word' id='word_1_217' title='bbox 140 3120 170 3180; x_wconf 92' lang='lat' dir='ltr'>et</span> <span class='ocrx_word' id='word_1_218' title='bbox 192 3117 279 3179; x_wconf 83' lang='lat' dir='ltr'>furto</span> <span class='ocrx_word' id='word_1_219' title='bbox 298 3115 456 3195; x_wconf 84' lang='lat' dir='ltr'>dicuntur,</span> <span class='ocrx_word' id='word_1_220' title='bbox 480 3115 525 3180; x_wconf 92' lang='lat' dir='ltr'>eis</span> <span class='ocrx_word' id='word_1_221' title='bbox 541 3116 704 3179; x_wconf 89' lang='lat' dir='ltr'>simillima</span> <span class='ocrx_word' id='word_1_222' title='bbox 719 3119 804 3196; x_wconf 90' lang='lat' dir='ltr'>sunt,</span> <span class='ocrx_word' id='word_1_223' title='bbox 828 3137 909 3200; x_wconf 88' lang='lat' dir='ltr'>quae</span> <span class='ocrx_word' id='word_1_224' title='bbox 924 3117 1137 3201; x_wconf 87' lang='lat' dir='ltr'>interpolator</span> <span class='ocrx_word' id='word_1_225' title='bbox 1152 3116 1194 3196; x_wconf 87' lang='lat' dir='ltr'>ll,</span> <span class='ocrx_word' id='word_1_226' title='bbox 1216 3118 1256 3182; x_wconf 90' lang='grc'>10</span> <span class='ocrx_word' id='word_1_227' title='bbox 1279 3121 1312 3181; x_wconf 90' lang='lat' dir='ltr'>et</span> 
     </span>
     <span class='ocr_line' id='line_1_28' title="bbox 138 3218 1310 3305; baseline 0.003 -23"><span class='ocrx_word' id='word_1_228' title='bbox 138 3218 194 3299; x_wconf 88' lang='lat' dir='ltr'>VI,</span> <span class='ocrx_word' id='word_1_229' title='bbox 211 3220 252 3284; x_wconf 88' lang='grc'>28</span> <span class='ocrx_word' id='word_1_230' title='bbox 275 3219 474 3285; x_wconf 88' lang='lat' dir='ltr'>Didascaliae</span> <span class='ocrx_word' id='word_1_231' title='bbox 504 3221 720 3305; x_wconf 90' lang='lat' dir='ltr'>apostolorum</span> <span class='ocrx_word' id='word_1_232' title='bbox 745 3222 889 3286; x_wconf 92' lang='lat' dir='ltr'>inseruit.</span> <span class='ocrx_word' id='word_1_233' title='bbox 928 3221 975 3287; x_wconf 78' lang='lat' dir='ltr'>df.</span> <span class='ocrx_word' id='word_1_234' title='bbox 1000 3223 1107 3287; x_wconf 91' lang='lat' dir='ltr'>adnot.</span> <span class='ocrx_word' id='word_1_235' title='bbox 1135 3224 1175 3287; x_wconf 88' lang='lat' dir='ltr'>ad</span> <span class='ocrx_word' id='word_1_236' title='bbox 1191 3220 1263 3302; x_wconf 73' lang='lat' dir='ltr'>Vll,</span> <span class='ocrx_word' id='word_1_237' title='bbox 1281 3223 1310 3286; x_wconf 93' lang='grc'>2.</span> 
     </span>
     <span class='ocr_line' id='line_1_29' title="bbox 138 3323 1311 3411; baseline 0.003 -23"><span class='ocrx_word' id='word_1_238' title='bbox 138 3323 249 3408; x_wconf 91' lang='lat' dir='ltr'>Neque</span> <span class='ocrx_word' id='word_1_239' title='bbox 263 3326 580 3408; x_wconf 88' lang='lat' dir='ltr'>praetermittendum</span> <span class='ocrx_word' id='word_1_240' title='bbox 596 3330 653 3406; x_wconf 85' lang='lat' dir='ltr'>est,</span> <span class='ocrx_word' id='word_1_241' title='bbox 678 3327 761 3411; x_wconf 92' lang='lat' dir='ltr'>quod</span> <span class='ocrx_word' id='word_1_242' title='bbox 772 3332 882 3391; x_wconf 87' lang='lat' dir='ltr'>auctor</span> <span class='ocrx_word' id='word_1_243' title='bbox 897 3327 973 3391; x_wconf 90' lang='lat' dir='ltr'>libri</span> <span class='ocrx_word' id='word_1_244' title='bbox 984 3327 1049 3394; x_wconf 92' lang='lat' dir='ltr'>VII</span> <span class='ocrx_word' id='word_1_245' title='bbox 1063 3350 1088 3395; x_wconf 93' lang='lat' dir='ltr'>c.</span> <span class='ocrx_word' id='word_1_246' title='bbox 1104 3328 1144 3391; x_wconf 93' lang='grc'>22</span> <span class='ocrx_word' id='word_1_247' title='bbox 1160 3328 1311 3393; x_wconf 83' lang='lat' dir='ltr'>lectorem</span> 
     </span>
    </p>
   </div>
   <div class='ocr_carea' id='block_1_3' title="bbox 137 3429 1312 3936">
    <p class='ocr_par' dir='ltr' id='par_1_3' title="bbox 137 3429 1312 3832">
     <span class='ocr_line' id='line_1_30' title="bbox 137 3429 1312 3515; baseline 0.003 -23"><span class='ocrx_word' id='word_1_248' title='bbox 137 3429 284 3494; x_wconf 88' lang='lat' dir='ltr'>distincte</span> <span class='ocrx_word' id='word_1_249' title='bbox 299 3430 338 3493; x_wconf 90' lang='lat' dir='ltr'>ad</span> <span class='ocrx_word' id='word_1_250' title='bbox 355 3434 478 3514; x_wconf 90' lang='lat' dir='ltr'>partem</span> <span class='ocrx_word' id='word_1_251' title='bbox 493 3431 631 3514; x_wconf 89' lang='lat' dir='ltr'>priorem</span> <span class='ocrx_word' id='word_1_252' title='bbox 646 3436 805 3515; x_wconf 88' lang='lat' dir='ltr'>provocat.</span> <span class='ocrx_word' id='word_1_253' title='bbox 842 3429 935 3498; x_wconf 90' lang='lat' dir='ltr'>Unde</span> <span class='ocrx_word' id='word_1_254' title='bbox 951 3455 1015 3497; x_wconf 92' lang='lat' dir='ltr'>non</span> <span class='ocrx_word' id='word_1_255' title='bbox 1031 3433 1135 3498; x_wconf 89' lang='lat' dir='ltr'>solum</span> <span class='ocrx_word' id='word_1_256' title='bbox 1151 3433 1312 3499; x_wconf 89' lang='lat' dir='ltr'>evidenter</span> 
     </span>
     <span class='ocr_line' id='line_1_31' title="bbox 139 3534 1311 3619; baseline 0.002 -21"><span class='ocrx_word' id='word_1_257' title='bbox 139 3538 279 3618; x_wconf 80' lang='lat' dir='ltr'>apparet,</span> <span class='ocrx_word' id='word_1_258' title='bbox 304 3557 376 3599; x_wconf 91' lang='lat' dir='ltr'>eum</span> <span class='ocrx_word' id='word_1_259' title='bbox 398 3535 516 3598; x_wconf 88' lang='lat' dir='ltr'>librum</span> <span class='ocrx_word' id='word_1_260' title='bbox 530 3534 594 3600; x_wconf 90' lang='lat' dir='ltr'>VH</span> <span class='ocrx_word' id='word_1_261' title='bbox 616 3558 688 3600; x_wconf 91' lang='lat' dir='ltr'>cum</span> <span class='ocrx_word' id='word_1_262' title='bbox 710 3537 870 3619; x_wconf 88' lang='lat' dir='ltr'>prioribus</span> <span class='ocrx_word' id='word_1_263' title='bbox 899 3538 1110 3617; x_wconf 82' lang='lat' dir='ltr'>coniunxisce‚</span> <span class='ocrx_word' id='word_1_264' title='bbox 1134 3539 1189 3603; x_wconf 89' lang='lat' dir='ltr'>sed</span> <span class='ocrx_word' id='word_1_265' title='bbox 1215 3537 1311 3602; x_wconf 89' lang='lat' dir='ltr'>etiam</span> 
     </span>
     <span class='ocr_line' id='line_1_32' title="bbox 137 3639 1310 3727; baseline 0.003 -25"><span class='ocrx_word' id='word_1_266' title='bbox 137 3639 307 3703; x_wconf 79' lang='lat' dir='ltr'>verisimile</span> <span class='ocrx_word' id='word_1_267' title='bbox 330 3639 377 3718; x_wconf 83' lang='lat' dir='ltr'>fit,</span> <span class='ocrx_word' id='word_1_268' title='bbox 401 3663 473 3705; x_wconf 92' lang='lat' dir='ltr'>eum</span> <span class='ocrx_word' id='word_1_269' title='bbox 496 3644 664 3725; x_wconf 87' lang='lat' dir='ltr'>utramque</span> <span class='ocrx_word' id='word_1_270' title='bbox 686 3641 866 3725; x_wconf 86' lang='lat' dir='ltr'>partemin</span> <span class='ocrx_word' id='word_1_271' title='bbox 890 3664 959 3706; x_wconf 89' lang='lat' dir='ltr'>eam</span> <span class='ocrx_word' id='word_1_272' title='bbox 983 3643 1120 3708; x_wconf 89' lang='lat' dir='ltr'>formam</span> <span class='ocrx_word' id='word_1_273' title='bbox 1143 3643 1310 3727; x_wconf 84' lang='lat' dir='ltr'>redegisse,</span> 
     </span>
     <span class='ocr_line' id='line_1_33' title="bbox 138 3741 1011 3832; baseline 0.007 -24"><span class='ocrx_word' id='word_1_274' title='bbox 138 3765 232 3826; x_wconf 87' lang='lat' dir='ltr'>quam</span> <span class='ocrx_word' id='word_1_275' title='bbox 259 3743 293 3806; x_wconf 93' lang='lat' dir='ltr'>in</span> <span class='ocrx_word' id='word_1_276' title='bbox 316 3741 605 3810; x_wconf 74' lang='lat' dir='ltr'>Constitutionibus</span> <span class='ocrx_word' id='word_1_277' title='bbox 629 3746 844 3829; x_wconf 88' lang='lat' dir='ltr'>apostolorum</span> <span class='ocrx_word' id='word_1_278' title='bbox 868 3747 965 3811; x_wconf 91' lang='lat' dir='ltr'>habet</span> <span class='ocrx_word' id='word_1_279' title='bbox 975 3744 1011 3832; x_wconf 56' lang='grc' dir='ltr'>ῃ).</span> 
     </span>
    </p>

    <p class='ocr_par' dir='ltr' id='par_1_4' title="bbox 226 3847 1311 3936">
     <span class='ocr_line' id='line_1_34' title="bbox 226 3847 1311 3936; baseline 0.004 -25"><span class='ocrx_word' id='word_1_280' title='bbox 226 3847 295 3922; x_wconf 81' lang='lat' dir='ltr'>Quo</span> <span class='ocrx_word' id='word_1_281' title='bbox 319 3852 424 3913; x_wconf 91' lang='lat' dir='ltr'>autem</span> <span class='ocrx_word' id='word_1_282' title='bbox 449 3853 592 3934; x_wconf 90' lang='lat' dir='ltr'>tempore</span> <span class='ocrx_word' id='word_1_283' title='bbox 614 3851 825 3935; x_wconf 87' lang='lat' dir='ltr'>interpolator</span> <span class='ocrx_word' id='word_1_284' title='bbox 847 3852 951 3917; x_wconf 78' lang='lat' dir='ltr'>vixit?</span> <span class='ocrx_word' id='word_1_285' title='bbox 991 3851 1139 3936; x_wconf 88' lang='lat' dir='ltr'>Plerique</span> <span class='ocrx_word' id='word_1_286' title='bbox 1161 3874 1233 3915; x_wconf 91' lang='lat' dir='ltr'>eum</span> <span class='ocrx_word' id='word_1_287' title='bbox 1256 3850 1311 3916; x_wconf 84' lang='lat' dir='ltr'>Se·</span> 
     </span>
    </p>
   </div>
   <div class='ocr_carea' id='block_1_4' title="bbox 137 4020 1311 4268">
    <p class='ocr_par' dir='ltr' id='par_1_5' title="bbox 137 4020 1311 4268">
     <span class='ocr_line' id='line_1_35' title="bbox 209 4020 1311 4093; baseline 0 -15"><span class='ocrx_word' id='word_1_288' title='bbox 209 4025 235 4093; x_wconf 90' lang='lat'>1)</span> <span class='ocrx_word' id='word_1_289' title='bbox 254 4020 416 4077; x_wconf 87' lang='lat' dir='ltr'>Didascalia</span> <span class='ocrx_word' id='word_1_290' title='bbox 435 4023 625 4091; x_wconf 78' lang='lat' dir='ltr'>apostolorum</span> <span class='ocrx_word' id='word_1_291' title='bbox 650 4023 758 4092; x_wconf 82' lang='lat' dir='ltr'>syriace</span> <span class='ocrx_word' id='word_1_292' title='bbox 783 4025 860 4079; x_wconf 83' lang='grc'><strong>1854.</strong></span> <span class='ocrx_word' id='word_1_293' title='bbox 898 4024 1035 4080; x_wconf 85' lang='lat' dir='ltr'>Analecta</span> <span class='ocrx_word' id='word_1_294' title='bbox 1055 4024 1249 4080; x_wconf 85' lang='lat' dir='ltr'>Antenicaena</span> <span class='ocrx_word' id='word_1_295' title='bbox 1267 4022 1311 4079; x_wconf 88' lang='lat' dir='ltr'>ed.</span> 
     </span>
     <span class='ocr_line' id='line_1_36' title="bbox 137 4110 431 4166; baseline 0 -3"><span class='ocrx_word' id='word_1_296' title='bbox 137 4111 249 4165; x_wconf 90' lang='lat' dir='ltr'>Bunsen</span> <span class='ocrx_word' id='word_1_297' title='bbox 267 4113 287 4166; x_wconf 92' lang='lat' dir='ltr'>t.</span> <span class='ocrx_word' id='word_1_298' title='bbox 306 4110 333 4163; x_wconf 89' lang='lat' dir='ltr'>II</span> <span class='ocrx_word' id='word_1_299' title='bbox 356 4111 431 4164; x_wconf 75' lang='lat'>1854.</span> 
     </span>
     <span class='ocr_line' id='line_1_37' title="bbox 207 4197 1311 4268; baseline -0.002 -16"><span class='ocrx_word' id='word_1_300' title='bbox 207 4199 235 4268; x_wconf 88' lang='grc'>2)</span> <span class='ocrx_word' id='word_1_301' title='bbox 255 4199 339 4261; x_wconf 88' lang='lat' dir='ltr'>Zahn,</span> <span class='ocrx_word' id='word_1_302' title='bbox 358 4198 552 4267; x_wconf 76' lang='lat' dir='ltr'>Forscbnnpca</span> <span class='ocrx_word' id='word_1_303' title='bbox 569 4198 618 4262; x_wconf 90' lang='lat' dir='ltr'>Ill,</span> <span class='ocrx_word' id='word_1_304' title='bbox 631 4200 691 4262; x_wconf 88' lang='grc'>282,</span> <span class='ocrx_word' id='word_1_305' title='bbox 710 4198 862 4253; x_wconf 87' lang='lat' dir='ltr'>verisimile</span> <span class='ocrx_word' id='word_1_306' title='bbox 882 4201 984 4263; x_wconf 89' lang='lat' dir='ltr'>censet,</span> <span class='ocrx_word' id='word_1_307' title='bbox 1003 4217 1060 4254; x_wconf 89' lang='lat' dir='ltr'>non</span> <span class='ocrx_word' id='word_1_308' title='bbox 1077 4197 1311 4266; x_wconf 86' lang='lat' dir='ltr'>interpolatorem</span> 
     </span>
    </p>
   </div>
   <div class='ocr_carea' id='block_1_5' title="bbox 136 4284 1310 4356">
    <p class='ocr_par' dir='ltr' id='par_1_6' title="bbox 136 4284 1310 4356">
     <span class='ocr_line' id='line_1_38' title="bbox 136 4284 1310 4356; baseline 0.001 -15"><span class='ocrx_word' id='word_1_309' title='bbox 136 4287 272 4343; x_wconf 90' lang='lat' dir='ltr'>librorum</span> <span class='ocrx_word' id='word_1_310' title='bbox 291 4285 386 4355; x_wconf 85' lang='lat' dir='ltr'>l-Vl,</span> <span class='ocrx_word' id='word_1_311' title='bbox 404 4286 451 4341; x_wconf 89' lang='lat' dir='ltr'>sed</span> <span class='ocrx_word' id='word_1_312' title='bbox 469 4286 654 4355; x_wconf 88' lang='lat' dir='ltr'>posteriorem</span> <span class='ocrx_word' id='word_1_313' title='bbox 673 4286 796 4356; x_wconf 88' lang='lat' dir='ltr'>aliquem</span> <span class='ocrx_word' id='word_1_314' title='bbox 815 4286 901 4341; x_wconf 88' lang='lat' dir='ltr'>libros</span> <span class='ocrx_word' id='word_1_315' title='bbox 912 4286 1069 4342; x_wconf 84' lang='lat' dir='ltr'>Vll-VIII</span> <span class='ocrx_word' id='word_1_316' title='bbox 1085 4285 1143 4340; x_wconf 85' lang='lat' dir='ltr'>illie</span> <span class='ocrx_word' id='word_1_317' title='bbox 1162 4284 1310 4345; x_wconf 86' lang='lat' dir='ltr'>addidisse.</span> 
     </span>
    </p>
   </div>
   <div class='ocr_carea' id='block_1_6' title="bbox 0 0 1465 4890">
    <p class='ocr_par' dir='ltr' id='par_1_7' title="bbox 0 0 1465 4890">
     <span class='ocr_line' id='line_1_39' title="bbox 0 0 1465 4890; baseline 0 0"><span class='ocrx_word' id='word_1_318' title='bbox 0 0 1465 4890; x_wconf 95' lang='lat' dir='ltr'> </span> 
     </span>
    </p>
   </div>
  </div>
 </body>
</html>
