2918 4890
353 323 521 382 GANONES
540 324 806 381 APOSTOLORUM
826 325 1096 385 uccnnsllsrlcl.
1260 330 1317 397 LV

141 489 264 570 partem
287 509 325 552 ex
341 485 499 569 scriptura
522 485 703 570 antiquiore
718 485 938 570 depromptam
953 488 1060 554 fuisse.
1099 489 1185 554 Fieri
1200 491 1316 574 potuit,

139 596 174 656 ut
198 597 311 656 auctor
334 592 494 665 ordinem,
526 613 619 675 quem
643 592 677 655 in
699 591 936 657 introductione
959 595 1084 657 secutus
1107 596 1173 673 111,
1205 597 1316 677 postea

142 697 329 776 inverteret,
354 700 450 780 atque
472 696 542 760 ideo
564 695 626 760 hoc
648 696 758 760 fecisse
780 697 921 777 videtur,
954 699 1030 782 quie
1053 698 1090 762 de
1112 696 1230 762 lectore
1251 721 1315 763 non

140 804 212 884 post
244 801 356 865 viduas
388 801 439 865 vel
469 801 661 865 diaconissas
685 822 779 885 egere
801 801 923 881 voluit,
954 824 1089 885 quarum
1118 802 1224 866 officie
1251 825 1316 867 una

139 928 210 970 cum
243 905 357 970 officiis
391 905 596 970 diaconorum
623 907 808 990 exponenda
830 910 931 971 erant.
977 907 1127 973 Fortasse
1150 907 1246 972 etiam
1268 930 1315 990 eo,

139 1013 223 1096 quod
245 1012 280 1074 in
303 1011 407 1096 capite
428 1012 644 1095 praecedente,
668 1015 705 1076 ut
727 1011 895 1076 Duchesne
916 1012 1051 1076 coniecit
1064 1009 1100 1093 ¹),
1124 1013 1162 1076 de
1181 1011 1315 1096 liturgia

140 1119 171 1180 et
193 1116 232 1180 de
255 1116 376 1180 clericis
399 1116 577 1181 ministerio
600 1117 711 1181 altaris
734 1118 894 1200 occupatis
914 1117 1004 1198 dixit,
1028 1118 1182 1182 adductus
1197 1120 1255 1196 est,
1278 1121 1316 1181 ut

140 1222 308 1286 confestim
338 1222 474 1285 adeum
506 1223 653 1287 clericum
679 1223 849 1302 transiret,
880 1221 936 1307 qui
966 1222 1001 1285 in
1023 1221 1157 1307 liturgia
1188 1222 1315 1306 quidem

140 1346 269 1390 munere
299 1326 514 1411 fungebatur,
546 1330 636 1390 extra
659 1348 727 1390 11111
760 1330 867 1391 autem
898 1327 1037 1392 officium
1069 1326 1315 1392 ecclesiasticum

142 1453 204 1496 non
229 1433 402 1497 exercebat.
442 1431 553 1516 Neque
576 1436 707 1517 propter
722 1433 819 1497 verba
833 1431 934 1497 libelli
951 1434 1000 1512 18,
1020 1432 1036 1494 1
1053 1431 1189 1515 denique
1204 1435 1315 1496 auctor

139 1536 328 1621 scripturam
352 1536 565 1621 antiquiorem
582 1536 764 1601 adhibuisse
787 1559 920 1620 eamque
935 1537 1040 1601 minus
1056 1537 1228 1620 prudenter
1241 1559 1314 1601 mu-

140 1645 223 1706 tasse
245 1643 406 1725 putaudus
429 1646 486 1706 est.
533 1640 580 1706 Of.
605 1663 686 1725 quae
712 1641 751 1705 ad
773 1642 859 1705 hunc
881 1642 984 1706 locum
1009 1643 1161 1706 adnotata
1183 1645 1267 1706 sunt.

226 1745 305 1812 Cum
328 1752 454 1831 praeter
470 1748 620 1812 lectorem
635 1747 754 1811 nullius
770 1746 918 1810 ordinum
933 1746 1093 1810 minorum
1109 1746 1229 1810 mentio
1244 1747 1313 1826 fiat,

138 1852 264 1916 libellus
288 1856 379 1936 parte
401 1853 518 1917 saeculi
541 1851 590 1918 ΠΙ
618 1851 724 1937 priore
754 1874 856 1935 neque
886 1856 997 1936 postea
1027 1851 1223 1934 conscriptus
1247 1874 1313 1917 1111

89 1992 94 2003 ·
138 1957 272 2022 videtur.
309 1957 357 2023 De
379 1958 550 2042 provinciis
574 1946 801 2022 ecclesiasticis
815 1959 876 2021 c.3
900 1957 1032 2040 loquens
1055 1960 1166 2020 auctor
1188 1960 1313 2041 tempus

138 2063 296 2146 posterius
326 2084 389 2126 non
420 2063 545 2147 prodit,
579 2068 615 2128 ut
645 2066 839 2146 putaverunt
861 2062 1074 2145 Krewutzchy
1097 2065 1129 2125 et
1153 2061 1313 2142 Hamsclr,

139 2167 192 2251 qui
224 2166 369 2231 libellum
399 2167 439 2230 ad
468 2167 598 2231 initium
627 2167 744 2231 saeculi
764 2164 811 2232 IV
838 2166 1026 2231 retulerunt.
1072 2163 1145 2230 Vox
1176 2165 1313 2250 ἐπαρχία

138 2273 266 2358 quidem
296 2273 329 2336 in
352 2271 470 2336 litteris
499 2272 683 2337 christianis
711 2272 815 2355 primo
847 2272 939 2336 nobis
963 2273 1100 2337 occurrit
1125 2273 1250 2337 saeculo
1265 2269 1314 2336 IV

138 2379 283 2456 ineunte,
316 2400 379 2462 quo
410 2383 553 2462 tempore
580 2400 599 2441 1
621 2376 747 2462 Synodo
771 2376 913 2443 Nicaena
935 2399 1002 2443 1111.
1028 2378 1048 2442 6
1071 2377 1216 2442 adhibita
1237 2376 1310 2442 fuit.

137 2485 237 2550 Docet
260 2489 365 2549 autem
389 2485 496 2548 eadem
520 2483 678 2567 synodus,
702 2483 740 2547 de
762 2504 850 2546 more
871 2482 1004 2567 antiquo
1026 2482 1061 2546 in
1084 2481 1214 2547 ecclesia
1235 2503 1310 2546 1111-

138 2589 292 2655 servando
323 2589 446 2669 dicens,
479 2592 535 2663 τὰς
559 2588 712 2672 ἐπαρχίας
741 2589 866 2654 saeculo
888 2587 935 2654 IV
957 2590 1087 2654 ineunte
1117 2610 1182 2653 non
1213 2587 1312 2653 fuisse

137 2695 257 2780 aliquid
279 2694 366 2773 novi,
393 2694 448 2757 sed
470 2694 533 2758 iam
558 2693 613 2758 diu
636 2694 803 2758 exstitisse.
848 2692 887 2758 ln
910 2692 1041 2759 Oriente
1062 2693 1192 2777 insuper
1214 2693 1313 2757 eccle-

137 2801 216 2864 siam
240 2800 305 2863 iam
328 2798 453 2863 saeculo
469 2797 518 2863 Ill
539 2799 573 2862 in
596 2799 775 2883 provincias
798 2798 932 2862 divisam
955 2798 1053 2862 fuisse
1075 2797 1149 2861 inde
1170 2801 1312 2880 apparet,

138 2905 222 2991 quod
245 2904 464 2969 Firmilianus·
486 2903 701 2969 Gaesareensis
732 2904 772 2967 ed
795 2902 990 2987 cyprianum
1016 2901 1312 2993 Carthaginiensem

137 3011 259 3090 scribit,
282 3010 367 3094 apud
389 3007 536 3092 seseper
559 3007 701 3092 singulos
718 3023 818 3072 annos
840 3007 979 3072 seniores
1002 3011 1035 3071 et
1057 3005 1256 3091 praepositos
1278 3005 1312 3069 in

137 3139 235 3181 unum
259 3115 427 3181 convenire
454 3114 494 3178 ad
517 3113 712 3197 disponenda
734 3134 789 3190 ea,
821 3134 903 3196 quae
935 3133 1027 3176 curae
1054 3110 1197 3194 ipsorum
1228 3132 1312 3175 com-

136 3222 233 3286 misse
255 3223 369 3298 essent,
393 3223 440 3298 ut,
463 3218 491 3283 si
506 3241 569 3302 qua
584 3218 734 3302 graviora
757 3220 873 3296 essent,
897 3215 1058 3280 communi
1079 3214 1211 3279 consilio
1234 3215 1313 3280 diri·

135 3329 288 3410 gerentur
311 3324 428 3408 (Epist.
453 3323 537 3388 inter
561 3322 656 3408 Cypr.
681 3323 735 3402 75,
758 3320 803 3407 4).
929 3405 931 3408 Α

224 3430 329 3495 Testis
351 3429 453 3495 libelli
483 3429 568 3494 inter
591 3432 712 3493 veteres
735 3426 871 3492 Rufinus
895 3448 962 3492 1111
983 3426 1119 3491 ridetur.
1165 3424 1313 3512 Namque

136 3536 251 3601 verba:
273 3535 364 3600 Duae
387 3534 457 3598 viae
479 3535 529 3599 vel
551 3533 708 3598 Iudicium
730 3532 828 3613 Petri,
852 3532 967 3617 quibus
990 3532 1024 3594 in
1046 3531 1256 3616 Expositione
1278 3534 1312 3597 in

135 3641 316 3728 symbolum
346 3642 562 3726 apostolorum
585 3640 625 3725 (c.
643 3640 698 3722 38)
723 3641 913 3725 scripturam
945 3637 1110 3722 designat,
1141 3637 1249 3719 potius
1272 3638 1312 3701 ad

135 3748 226 3812 illum
256 3769 352 3831 quam
382 3747 422 3811 ad
444 3746 632 3810 Doctrinsm
662 3745 878 3829 apostolorum
901 3741 1065 3809 referenda
1087 3745 1172 3806 sunt.
1218 3741 1262 3806 ur
1284 3741 1312 3806 si

136 3852 217 3917 haec
239 3850 462 3935 interpretatio
485 3854 571 3915 recte
593 3854 658 3929 est,
682 3851 779 3915 etiam
802 3849 1017 3932 Hieronymus
1039 3845 1188 3910 notitiam
1209 3845 1312 3909 libelli

136 3956 286 4022 habuisse
318 3957 477 4040 putandus
500 3959 566 4035 est,
596 3977 668 4020 cum
697 3957 732 4019 in
755 3954 909 4040 Ostalogo
932 3975 958 4018 c.
983 3955 1000 4016 1
1032 3952 1116 4015 inter
1138 3951 1311 4034 scripturas

137 4061 337 4147 apocryphas
359 4060 448 4125 Petri
478 4060 652 4144 adscriptas
683 4060 802 4124 librum
828 4060 1052 4124 commemoret
1075 4054 1230 4121 Iudicium
1254 4077 1310 4140 ap·

207 4289 233 4358 1)
251 4288 373 4344 Bulletc'rr
391 4288 503 4356 critique
522 4287 590 4344 1886
608 4305 635 4357 p·
654 4288 714 4343 367.
