2918 4890
190 295 232 360 54
548 294 716 350 CANONES
736 294 998 352 EOOLESIASTIOI

191 456 250 506 οὐδὲ
268 455 408 518 ὑποκριτής
426 455 489 505 οὐδὲ
506 454 649 519 κακοήθης
662 455 724 506 οὐδὲ
737 457 910 522 ὑπερήφανος,
930 459 961 509 οὐ
973 459 1046 525 λήψη
1056 461 1155 526 βουλὴν
1163 463 1282 528 πονηρὰν
1295 463 1367 512 κατὰ

188 565 234 611 τοῦ
252 560 361 625 πλησίον
380 575 434 610 σου.
469 558 493 611 4.
513 560 547 609 Οὐ
567 562 679 626 μισήσεις
696 563 781 612 πάντα
799 562 944 626 ἄνθρωπον,
964 564 1025 616 ἀλλ’
1042 565 1087 628 οὓς
1105 568 1152 632 μὲν
1169 567 1300 634 ἐλέγξας,
1321 567 1367 630 οὓς

188 667 218 716 δέ
237 665 363 730 έλεήσεις,
386 666 444 727 περί
461 659 496 714 ὧν
515 665 544 714 δέ
563 667 698 731 προσεύξῃ,
717 666 763 729 οὓς
781 667 811 716 δὲ
829 668 976 734 ἀγαπήσεις
994 671 1059 736 ὑπὲρ
1078 673 1124 737 τήν
1143 674 1230 739 ψυχήν
1248 689 1304 724 σου.

275 759 347 824 VH.
383 757 531 841 Ἀνδρέας
555 761 654 824 εἶπεν·
678 772 776 822 Τέκνον
795 788 857 838 μου,
884 779 967 841 φεῦγε
991 778 1044 827 ἀπὸ
1067 778 1164 838 παντὸς
1182 783 1302 843 πονηροῦ
1321 782 1370 829 καί

162 877 240 929 οάπδ
258 878 355 939 παντὸς
377 879 466 941 ὁμοίου
487 878 574 930 αὐτοῦ.
609 877 654 942 Μή
677 881 751 944 γίνου
776 879 895 944 ὀργίλος·
921 882 1014 948 ὁδηγεῖ
1039 886 1091 949 γὰρ
1109 885 1126 950 ἡ
1146 885 1215 949 ὀργή
1235 885 1303 949 πρὸς
1321 887 1368 935 τὀν

188 983 281 1046 φονον·
303 973 366 1034 έστι
382 974 443 1055 γὰρ
460 972 616 1055 δαιμόνιον
632 973 795 1056 ἀρρενικὸν
812 973 952 1058 ὁθυμὸς.
991 989 1035 1052 Μὴ
1060 991 1133 1053 γίνου
1152 990 1277 1055 ζηλωτὴς
1297 992 1369 1058 μηδὲ

188 1088 316 1152 ἐριστικδς
335 1089 402 1154 μηδέ
420 1087 591 1153 δυμαντικὸς·
611 1087 644 1136 έκ
662 1087 714 1152 γὰρ
729 1087 829 1156 τουτων
848 1089 928 1150 φόνος
946 1095 1074 1156 γεννᾶται.

274 1180 365 1248 VIII.
404 1181 559 1256 Φίλιππος
583 1182 681 1244 εἶπεν·
705 1192 803 1241 Τέκνον
820 1207 884 1257 μου,
911 1194 946 1258 μή
972 1197 1045 1260 γίνου
1070 1197 1251 1262 ἐπιθυμητής·
1271 1201 1369 1265 ὁδηγεῖ

188 1300 239 1366 γὰρ
258 1299 275 1364 ἡ
294 1297 419 1363 έπιδυμία
436 1298 501 1362 πρὸς
519 1299 564 1362 τήν
584 1299 706 1361 πορνείαν
728 1288 783 1349 καὶ
803 1286 888 1350 ἕλκει
904 1292 976 1363 τοὺς
992 1290 1180 1373 ἀνθρώπους
1196 1295 1276 1374 πρὸς
1293 1293 1369 1356 ἑαυ-

150 1418 174 1453 ω
188 1394 260 1479 τήν·
285 1394 348 1456 ἔστι
371 1395 431 1477 γὰρ
448 1392 590 1478 θηλυκὸν
607 1392 762 1475 δαιμόνιον
777 1393 798 1478 ἡ
815 1393 974 1477 ἐπιθυμία,
998 1397 1052 1457 καί
1068 1397 1084 1457 ὃ
1102 1398 1156 1478 μὲν
1175 1396 1240 1480 μετ’
1256 1399 1368 1482 ὀργῆς,

189 1502 206 1564 ὃ
230 1501 264 1563 δέ
288 1497 360 1582 μεθ’
382 1499 496 1584 ἡδονῆς
519 1497 673 1561 ἀπόλλυσι
696 1502 767 1574 τοὺς
784 1498 1021 1582 εἰσδεχομένους
1039 1501 1127 1563 αὐτοί.
1166 1503 1196 1566 2.
1220 1500 1314 1576 Ὁδὸς
1332 1503 1368 1566 δὲ

188 1614 325 1690 πονηροῦ
349 1603 521 1687 πνεύματος
544 1603 679 1687 ἁμαρτία
707 1604 826 1689 ψυχῆς·
856 1606 910 1667 καί
940 1607 1014 1668 ὅταν
1047 1606 1197 1692 βραχείαν
1229 1607 1367 1670 εἴσδυσιν

189 1720 251 1796 σχῇ
274 1710 306 1773 ἐν
329 1711 424 1794 αὐτῷ,
447 1709 593 1773 πλατύνει
615 1711 711 1794 αὐτὴν
747 1712 801 1773 καί
831 1712 900 1793 ἄγει
931 1709 980 1772 ἐπὶ
1003 1710 1167 1774 πάντατὰ
1192 1714 1282 1774 κακὰ
1305 1715 1366 1795 τὴν

189 1817 292 1900 ψυχὴν
327 1815 446 1899 ἐκείνην
480 1816 534 1877 καί
568 1815 627 1876 οὐκ
661 1813 698 1898 ἐᾷ
732 1811 896 1900 διαβλέψαι
929 1814 982 1876 τὸν
1006 1814 1175 1897 ἄνθρωπον
1199 1816 1254 1877 καί
1285 1814 1362 1878 ἰδεῖν

152 1943 175 1980 ιι
190 1925 245 2006 τήν
269 1920 430 2005 ἀλήθειαν.
476 1924 504 1986 3.
527 1918 563 1985 Ὁ
586 1920 688 2003 θυμὸς
719 1919 804 2003 ὑμῶν
829 1917 939 2002 μέτρον
964 1917 1077 2003 ἐχέτω,
1108 1920 1163 1981 καὶ
1196 1919 1228 1982 έν
1253 1921 1369 2004 βραχεῖ

190 2025 374 2111 διαστήματι
395 2027 488 2088 αὐτὸν
511 2026 664 2110 ἡνιοχεῖτε
686 2027 741 2087 καί
763 2024 963 2107 ἀνακρουετε,
988 2027 1037 2088 ἵνα
1063 2027 1104 2109 μή
1121 2022 1263 2110 ἐμβάλλῃ
1280 2024 1365 2108 ὑμᾶς

190 2134 232 2206 εἰς
256 2133 347 2214 ἔργον
370 2130 521 2215 πονηρόν·
544 2131 646 2213 θυμὸς
668 2133 729 2213 γὰρ
752 2131 807 2193 καί
829 2129 926 2214 ήδονή
951 2132 1072 2215 πονηρὰ
1096 2128 1243 2193 ἐπιπολὺ
1261 2149 1366 2211 παρα·

191 2235 321 2319 μένοντα
344 2237 427 2296 κατὰ
450 2232 587 2296 ἐπίτασιν
611 2233 752 2316 δαιμόνια
770 2233 895 2316 γίνεται,
919 2235 973 2296 καὶ
998 2235 1072 2297 ὅταν
1089 2232 1239 2318 ἐπιτρέψῃ
1256 2235 1365 2308 αὐτοῖς

190 2339 206 2401 δ
230 2338 406 2420 ἄνθρωπος,
431 2336 614 2402 οἰδαίνουσιν
638 2339 669 2401 ἐν
693 2348 730 2423 τῇ
755 2338 840 2423 ψυχή
865 2341 959 2402 αὐτοῦ
983 2341 1038 2402 καί
1059 2340 1195 2423 γίνονται
1213 2338 1364 2422 μείζονες,

150 2468 175 2504 20
189 2445 243 2506 καί
265 2443 437 2526 ἀπάγουσιν
467 2445 560 2507 αὐτὸν
591 2445 632 2519 εἰς
661 2445 739 2527 ἔργα
762 2445 858 2507 ἄδικα
888 2445 942 2507 καί
966 2444 1148 2528 ἐπιγελῶσιν
1172 2445 1276 2528 αὐτῷ,
1308 2445 1365 2506 καὶ

189 2548 316 2633 ἥδονται
339 2548 389 2611 ἐπὶ
411 2557 448 2632 τή
472 2548 613 2634 ἀπωλείᾳ
635 2559 696 2612 τῶν
719 2549 904 2632 ἀνθρώπων.

276 2653 332 2719 IX.
370 2651 473 2735 Σίμων
489 2654 572 2719 εἶπεν
585 2677 592 2690 ·
616 2666 720 2726 Τέκνον,
731 2665 766 2730 μή
778 2668 852 2731 γίνου
865 2664 1040 2731 αἰσχρολογος
1052 2665 1119 2730 μηδὲ
1132 2662 1363 2730 ὑψηλὸφθαλμος·

190 2770 223 2818 ἐκ
241 2769 293 2835 γὰρ
310 2768 406 2818 τουτων
425 2775 538 2834 μοιχεῖαι
555 2773 675 2837 γίνονται.
1061 2787 1063 2791 ’

277 2862 316 2926 Χ.
353 2861 503 2950 Ἰάκωβος
527 2866 628 2929 εἶπεν·
648 2877 746 2927 Τέκνον
759 2891 815 2942 μου,
832 2877 867 2940 μή
880 2878 951 2940 γίνου
965 2876 1152 2936 οίωνοσκδπος,
1166 2874 1258 2939 ἐπειδὴ
1272 2877 1366 2942 ὁδηγεῖ

151 2989 176 3026 ιο
190 2980 255 3041 πρὸς
272 2978 318 3040 τήν
332 2979 557 3043 εἰδωλολατρείαν,
577 2983 641 3047 μηδέ
654 2983 777 3042 ἐπαοιδὸς
797 2982 861 3046 μηδὲ
874 2979 1059 3045 μαθηματικὸς
1078 2981 1143 3045 μηδὲ
1156 2981 1365 3045 περικαθαίρων,

191 3085 257 3150 μηδὲ
275 3083 340 3134 θέλε
361 3087 426 3137 αὐτὰ
441 3088 502 3137 ἰδεῖν
526 3076 603 3160 μηδὲ
619 3075 764 3139 ἀκούειν·
788 3087 821 3135 ἐκ
839 3087 891 3152 γὰρ
903 3087 998 3136 τουτων
1012 3085 1133 3134 ἁπάντων
1147 3084 1364 3150 εἰδωλολατρεῖαι

189 3195 333 3257 γεννῶνται.

278 3284 333 3349 ΧΙ.
367 3284 544 3371 Ναθαναὴλ
567 3289 667 3350 εἶπεν·
692 3298 798 3359 Τέκνον,
818 3298 852 3362 μὴ
872 3301 945 3363 γίνου
964 3298 1089 3362 ψευστης,
1110 3296 1201 3360 ἐπειδὴ
1220 3297 1314 3361 ὁδηγεῖ
1331 3297 1361 3346 τὸ

192 3400 296 3464 ψεῦσμα
314 3403 357 3451 ἐπὶ
377 3402 424 3465 τήν
442 3403 561 3467 κλοπήν,
587 3403 653 3468 μηδὲ
677 3403 838 3467 φιλάργυρος
860 3404 925 3468 μηδέ
949 3404 1108 3463 κενόδοξος·
1131 3402 1165 3450 ἐκ
1189 3402 1240 3466 γὰρ
1265 3402 1362 3451 τούτων

225 3544 250 3598 3.
282 3554 301 3598 l.
329 3547 471 3615 κακοήθης
494 3545 579 3599 etiam
603 3546 675 3599 inV
702 3549 705 3611 Ι
731 3546 778 3625 od}
824 3545 1009 3616 V111‚1.ssq.
1031 3551 1364 3622 Φίλιππος-πορνείαν;

191 3650 212 3688 c.
233 3631 261 3684 Μ
281 3630 325 3697 (οὐ
343 3631 436 3705 λάβῃς)
456 3631 479 3683 D
492 3631 539 3686 OS
554 3652 560 3685 :
573 3633 635 3689 οὐδὲ
654 3633 746 3687 VOA
776 3628 862 3688 'hanc
874 3633 1044 3688 sententiam
1063 3635 1151 3688 solam
1169 3633 1191 3687 Ο
1208 3651 1241 3688 ex
1254 3634 1306 3689 hoc
1319 3653 1363 3689 ca·

226 3722 250 3773 4.
278 3716 326 3786 οθς
343 3717 372 3775 δὲ
390 3716 519 3790 ἐλεήσας]
545 3720 584 3774 Cf.
613 3720 707 3776 adnot.
728 3722 763 3775 ad
789 3721 848 3790 pite
875 3720 1020 3789 descripsit
1048 3737 1165 3790 eamque
1194 3720 1362 3786 decurtavit,

192 3807 284 3863 Doctr.
302 3808 327 3869 2,
348 3807 372 3858 7.
400 3805 557 3876 Respiciens
578 3811 619 3870 20,
637 3810 653 3862 3
677 3808 762 3861 etiam
790 3809 876 3862 verba
894 3807 992 3865 τέκνον
1000 3828 1055 3876 μου
1065 3806 1262 3879 attractata
1281 3810 1363 3865 omit

101 3919 103 3923 ⁷
192 3896 283 3964 magis
301 3892 497 3957 dubitaverim,
516 3913 581 3948 num
598 3898 665 3948 hacc
677 3895 763 3949 verba
789 3898 851 3949 tens
863 3897 866 3967 ψ
879 3895 1036 3965 crocces
1047 3896 1069 3948 A
1080 3895 1099 3949 C
1111 3917 1116 3950 :
1127 3895 1218 3964 0th
1231 3907 1244 3950 9
1256 3918 1292 3965 sq.
1303 3894 1364 3954 ἑαυ-

192 3982 300 4038 cuctori
319 3981 469 4036 Doctrinae
492 3980 679 4037 adiudicandc
697 3983 761 4036 sint.
789 3986 879 4054 τήνυ.
899 3982 988 4036 VM:
1008 3982 1028 4037 0
1052 3984 1169 4038 suadere
1195 3983 1307 4038 videtur
1333 3988 1364 4039 ut

229 4069 290 4122 VII.
311 4079 332 4122 ί),
348 4069 429 4124 τὸνο.
440 4069 466 4120 Μ
478 4069 501 4122 D
515 4087 520 4120 ι
535 4088 577 4124 om
594 4068 643 4123 VO
659 4074 663 4133 Ι
682 4076 704 4124 ί.
715 4075 763 4126 θυ-
789 4069 966 4123 emendemus
979 4068 1082 4140 αὐτήνΙ
1102 4081 1131 4123 1⁰
1142 4093 1176 4139 sq.
1197 4066 1318 4145 ἔστιγὰρ
1333 4105 1361 4112 -

191 4157 324 4225 μαντικὸς
341 4175 363 4211 c.
382 4156 555 4226 Τιμανικὸς
572 4156 609 4219 O,
633 4150 805 4261 θομώδηςήὸ
823 4155 853 4212 δὲ
871 4174 891 4210 c.
913 4156 937 4209 V
959 4175 964 4210 :
985 4160 1031 4214 καὶ
1050 4157 1078 4210 Μ
1112 4159 1116 4227 Ι
1149 4159 1165 4228 ή
1188 4155 1321 4226 ἐπιθυμία
1340 4178 1363 4214 c.

192 4243 227 4307 M,
247 4245 365 4312 θυμικὸς
386 4244 409 4297 D
775 4243 1237 4332 ΙὸοολΙΑΟετῆςέπιθυμίαςΤΙ
1257 4246 1363 4304 11.εἰσ-
