2918 4890
221 331 420 386 BARNABAu
439 329 627 384 EXPOSPI'IO
646 327 803 382 DUARUM
821 328 967 382 VlAltUM
985 328 1058 394 XIX,
1078 332 1154 386 3-7.
1230 331 1272 395 99

96 489 242 573 μισήσεις
265 491 371 553 πᾶσαν
393 479 569 575 ὑπόκρισιν·
591 483 629 552 οδ
648 481 692 572 μή
713 484 924 572 ἐγκαταλίπῃς
945 481 1076 561 ἐντολαῖς
1090 482 1208 574 κυρίου.
1242 488 1273 566 3.

92 583 166 674 Οὐχ
189 583 333 678 δῃώσας
354 584 497 669 σεαυτόν,
522 592 577 675 ἔσῃ
594 590 629 653 δὲ
643 591 857 674 ταπεινὸφρων
873 594 956 655 κατὰ
971 592 1087 654 πάντα·
1112 593 1171 655 οὐκ
1187 593 1272 674 ἀρεῖς

98 697 154 759 ἐπὶ
178 700 307 762 σεαυτὸν
331 696 433 775 δόξαν.
482 688 530 761 Οὐ
552 689 641 782 λήψῃ
662 694 778 781 βουλήν
800 691 940 781 πονηροίν
962 692 1042 761 nurci
1065 697 1124 762 τοῦ
1139 694 1276 783 πλησίον

98 821 181 866 σου·
204 797 242 865 οὐ
255 793 371 878 δώσεις
385 800 425 887 τῇ
440 799 532 887 ψυχῇ
546 821 605 865 σου
619 794 755 883 θράσος.
787 801 816 863 4.
828 793 872 866 Οὐ
887 799 1079 884 πορνεδσεις,
1096 797 1134 866 οὐ
1147 791 1275 881 μοιχεύ-

99 926 181 983 σεις,
204 903 241 970 οδ
256 895 546 994 παιδοφδορήσεις.
586 901 632 967 Οὐ
656 903 697 989 μή
722 925 778 966 σου
795 904 812 966 ὁ
827 903 921 988 λόγος
937 913 991 967 τοῦ
1006 905 1085 968 θεοῦ
1102 904 1216 989 ἐξέλθῃ
1240 904 1272 966 ἐν
1287 927 1299 964 ι

101 1009 289 1094 ἀκαθαρσίᾳ
304 1019 402 1073 τινῶν.
445 1001 492 1074 Ου’
508 1006 596 1096 λήψῃ
610 1006 785 1098 πρόσωπον
799 1007 920 1093 ἐλέγξαι
939 1005 1009 1074 τινδ
1023 1004 1081 1074 ἐπί
1096 1002 1275 1096 παραπτώ-

100 1138 189 1196 ματι
212 1112 288 1200 Ἔσῃ
300 1107 413 1198 πραΰς,
429 1109 485 1200 ἔσῃ
497 1105 637 1197 ἦσύχιος,
650 1115 705 1198 ἔσῃ
715 1111 836 1198 τρέμων
849 1110 923 1191 τούς
934 1107 1057 1198 λόγους,
1069 1113 1124 1192 οὓς
1133 1110 1276 1202 ήκουσας.

106 1213 155 1284 Οδ
174 1211 407 1304 μνησικακήσας
430 1227 473 1302 τῷ
496 1219 622 1304 ἀδελφῷ
646 1241 711 1283 σου.
748 1222 778 1285 5.
804 1216 851 1285 Ου’
871 1215 915 1305 μή
937 1215 1126 1308 διψυχήσῃς,
1142 1215 1278 1305 πότερον

103 1321 196 1390 ἔσται
218 1324 239 1411 ἢ
262 1315 308 1390 ot.
353 1323 399 1389 Οὐ
424 1328 465 1409 μὴ
489 1324 588 1412 λάβῃς
620 1327 670 1388 ἐπὶ
693 1326 812 1411 ματαίῳ
841 1329 876 1389 τὸ
901 1329 997 1411 ὄνομα
1023 1327 1142 1409 κυρίου,
1187 1320 1276 1408 Ἀγα-

102 1423 222 1515 πήσεις
243 1424 301 1496 τδν
322 1428 454 1516 πλησίον
476 1449 534 1495 σου
558 1421 641 1517 ὑπὲρ
663 1426 720 1516 τήν
736 1422 842 1519 ψυχήν
859 1454 927 1498 σου.
969 1424 1016 1498 Ου’
1030 1424 1195 1520 φονεύσεις
1209 1432 1277 1495 τέκ-
1293 1451 1318 1486 10

102 1558 157 1600 νον
186 1533 219 1601 ἐν
247 1537 377 1623 φθορᾷ,
411 1532 486 1600 ου’δὲ
517 1536 610 1599 πάλιν
639 1534 782 1621 γεννηθὲν
810 1530 1003 1614 ἀποκτενεῖς.
1051 1531 1097 1603 od
1127 1535 1171 1624 μή
1201 1535 1278 1622 ἄρῃς

103 1635 164 1727 τήν
185 1637 280 1727 χεῖρά
303 1659 362 1704 σου
383 1633 451 1704 cino
472 1646 531 1704 τοῦ
554 1635 625 1704 υἱοῦ
645 1660 706 1703 σου
728 1639 749 1726 ἢ
769 1631 837 1705 οἷπδ
857 1643 916 1727 τῆς
932 1633 1092 1729 θυγατρός
1107 1662 1173 1719 σου,
1198 1633 1280 1703 citici

104 1739 176 1812 οἶπδ
188 1743 337 1831 νεότητος
350 1737 492 1825 διδάξεις
507 1738 612 1833 φόβον
625 1745 744 1829 κυρίου.
782 1747 811 1810 6.
830 1739 880 1812 Ου’
904 1749 945 1831 μὴ
961 1747 1035 1832 γὲνῃ
1051 1744 1223 1827 ε’πιδυμῶν
1239 1737 1279 1805 aa*

103 1852 164 1917 τοῦ
186 1849 320 1936 πλησίον
335 1873 401 1933 σου,
425 1844 463 1915 οδ
474 1846 515 1935 μή
529 1847 601 1936 γίνῃ
615 1850 817 1935 πλεονέκτης·
841 1844 916 1916 οὐδὲ
930 1845 1109 1939 κολληθήση
1123 1849 1156 1917 ἐκ
1171 1855 1279 1938 ψυχῆς

104 1977 167 2021 σου
186 1952 267 2038 μετοέ
289 1953 428 2043 ὑψηλῶν,
453 1948 535 2020 ἄλλο)
556 1953 634 2037 acroi
655 1957 810 2020 vuasconia
832 1954 884 2020 καί
899 1955 1030 2022 δικαίου
1044 1950 1278 2044 ἅναστραηνήσῃ.
1294 1973 1318 2008 1⁶

110 2059 162 2124 To?
183 2053 394 2141 συμβαίνοντιί
418 2082 472 2127 σοι
493 2053 686 2147 ἐνεργήματα
708 2053 752 2135 ὥς
775 2059 885 2144 ἀγαθαὶ
906 2060 1075 2150 προσδέξῃ,
1096 2055 1207 2140 εἰδώς,
1229 2056 1281 2128 ὅτι

106 2158 184 2232 ἄνευ
205 2169 288 2231 θεοῦ
310 2159 400 2231 οὐδὲν
421 2165 547 2250 γίνεται.
594 2168 622 2231 7.
651 2164 714 2232 Οὐκ
733 2161 789 2254 ἔσῃ
812 2165 971 2252 διγνώμιον
992 2166 1068 2234 οὐδὲ
1089 2168 1282 2253 δίγλωσσος·

109 2268 208 2357 παγίς
224 2266 284 2357 γοέρ
295 2266 443 2338 θανάτου
455 2274 535 2335 ἐστίν
550 2263 764 2356 ήδιγλιυσσία.
797 2272 992 2361 Ὑποταγήσῃ
1006 2273 1127 2362 κυρίοις
1136 2265 1181 2349 τίς
1191 2272 1282 2356 τύπῳ

110 2445 238 2500 membra
261 2445 395 2511 invertit,
420 2463 470 2515 pro
488 2448 573 2521 κυρίῳ
592 2446 698 2529 posuit!
712 2447 801 2501 nabas
817 2447 863 2502 hic
881 2450 909 2502 et
921 2448 1048 2517 pluribus
1060 2449 1124 2503 aliis
1137 2450 1212 2512 locis,
1231 2447 1281 2501 sci·

110 2540 178 2609 θεῷ,
198 2537 322 2603 μισήσεις
334 2532 459 2586 iteravit.
478 2564 509 2571 -
530 2532 563 2591 οὐ
583 2539 621 2604 μή
642 2531 684 2606 ἐγ·
696 2532 699 2589 Ι
711 2534 777 2589 licet
791 2534 877 2588 ctiam
895 2535 925 2588 in
938 2536 989 2590 hoc
1001 2552 1081 2589 versu
1099 2535 1144 2602 (οὐ
1154 2541 1193 2606 μή
1205 2531 1281 2608 ἄρῃς]

109 2623 261 2691 καταλίπῃς
279 2619 350 2690 κτλ]
370 2620 393 2673 D
412 2622 436 2684 4,
459 2622 497 2675 13.
696 2598 741 2674 λοι
759 2621 789 2675 in
808 2621 932 2676 versibus
953 2623 968 2675 6
987 2625 1015 2676 et
1035 2623 1057 2684 7,
1080 2621 1114 2679 οὐ
1130 2628 1168 2693 μή
1186 2622 1283 2676 scribit

146 2711 170 2763 3.
190 2705 239 2778 οὐχ
252 2704 298 2779 ὑψ.
319 2707 355 2776 σ.]
376 2707 399 2759 D
419 2707 443 2771 3,
463 2708 486 2761 9.
508 2737 540 2746 -
560 2705 594 2764 οὐ
611 2712 685 2780 λήψῃ
712 2727 762 2778 pro
780 2707 820 2765 οὐ.
841 2739 872 2747 -
893 2707 926 2766 οὐ
943 2714 981 2779 μὴ
993 2709 1087 2783 λάβῃς]
1106 2709 1190 2764 Exod.
1204 2710 1245 2770 20,
1258 2710 1282 2761 7.

110 2794 181 2864 κτλ]
201 2793 226 2847 D
243 2795 268 2858 2,
287 2796 312 2848 6.
337 2825 373 2833 -
397 2793 430 2851 οὐ
448 2793 554 2865 δώσεις]
575 2794 597 2847 D
615 2797 640 2857 3,
660 2796 684 2848 9.
713 2796 829 2858 Deutt,
845 2797 884 2850 11.
907 2827 937 2835 -
957 2795 1117 2869 ἀγαπήσεις]
1136 2795 1283 2849 Barnabas

116 2883 259 2938 Barnabas
278 2882 308 2935 in
323 2883 375 2938 hoc
386 2899 466 2936 versu
485 2881 559 2936 inter
577 2883 685 2936 senten-
712 2882 757 2936 hic
775 2883 835 2947 Dl,
850 2884 866 2934 2
884 2884 913 2936 et
931 2885 984 2948 2,7
1004 2883 1033 2936 in
1050 2902 1137 2937 unum
1151 2883 1284 2939 conflavit

113 2971 169 3025 tias
181 2969 331 3026 Doctrinae
343 2970 412 3023 duas
428 2970 505 3024 inter
516 2988 544 3025 sc
558 2971 685 3026 coniunc-
713 2972 742 3023 et
771 2972 941 3025 sententiam
971 2971 1120 3026 Doctrinae
1150 2971 1282 3034 mutavit,

116 3061 161 3112 tas
181 3057 341 3126 similesque
360 3057 475 3113 tertiam
495 3074 611 3125 eamque
630 3057 685 3110 dis·
713 3073 785 3125 quae
811 3057 950 3114 hominem
980 3076 1035 3114 non
1063 3058 1093 3111 in
1123 3060 1284 3113 universum

115 3144 235 3199 similem
254 3147 283 3198 et
301 3161 334 3199 cx
352 3145 408 3200 alio
426 3146 485 3201 loco
509 3146 685 3213 desumptam
714 3144 858 3207 admonet,
886 3147 919 3197 ut
943 3145 1098 3214 proximum
1122 3147 1185 3217 plus
1209 3149 1284 3201 amet

114 3231 245 3297 inseruit3
257 3231 377 3301 primam
391 3231 559 3287 sententiam
573 3231 686 3300 insuper
714 3250 800 3301 quam
818 3232 942 3286 animam
961 3249 1048 3298 suam,
1068 3236 1114 3290 sed
1133 3236 1193 3291 loco
1209 3235 1284 3304 prin·

116 3318 308 3388 amplificavit.
335 3321 467 3376 Doctrina
481 3336 548 3388 ergo
561 3319 686 3374 ordinem
714 3318 799 3387 cipali
813 3318 847 3372 de
860 3336 953 3375 amore
966 3320 1085 3388 proximi
1095 3324 1181 3377 verba
1190 3322 1284 3378 Evan-

115 3406 319 3461 sententiarum
349 3407 440 3478 magis
471 3407 688 3462 consentaneum
715 3405 783 3474 gelii
801 3405 905 3460 reddit.
921 3436 957 3446 -
975 3405 1008 3464 οὐ
1020 3408 1173 3480 φονεύσεις]
1190 3410 1248 3473 D2,
1260 3413 1284 3464 2.

116 3493 210 3549 habet.
716 3524 748 3533 -
768 3492 801 3551 οὐ
817 3499 856 3565 μὴ
873 3491 950 3568 δίρῃς]
972 3497 994 3550 D
1012 3499 1037 3561 4,
1052 3499 1075 3551 9.

150 3583 176 3637 4.
203 3581 237 3640 οὐ
253 3582 414 3655 πορνεύσεις
430 3582 500 3652 κτλ]
521 3582 584 3645 Da,
598 3583 622 3647 2,
640 3581 688 3635 ubi
750 3583 773 3634 6.
802 3580 836 3638 οὐ
852 3588 891 3653 μὴ
907 3583 980 3653 κτλ]
1001 3585 1024 3638 D
1043 3587 1067 3649 2,
1088 3588 1111 3638 2.
1127 3587 1151 3639 6,
1173 3616 1203 3624 -
1224 3584 1286 3643 οὐδὲ

117 3672 213 3724 σιτίσαι
227 3671 415 3725 membrorum
426 3670 493 3726 ordo
507 3669 579 3722 alius
592 3671 642 3723 est.
655 3700 688 3708 -
716 3669 883 3741 κολληθήσῃ]
904 3671 927 3723 D
946 3676 969 3734 3,
988 3674 1004 3727 9
1023 3671 1068 3740 (οὐ
1084 3675 1287 3743 κολληθήσεται

117 3755 151 3814 οὐ
168 3757 252 3829 λήψῃ]
266 3757 289 3810 Ι)
302 3759 327 3820 4,
341 3759 364 3811 3.
387 3787 414 3795 --
445 3753 494 3829 ἔσῃ
510 3754 601 3830 πραῢς
617 3757 687 3826 κτλ]
716 3758 733 3828 ή
752 3761 825 3829 ψυχή
837 3776 888 3815 σου
899 3760 976 3826 κτλ).
997 3789 1030 3798 -
1049 3761 1083 3817 τὰ
1101 3759 1287 3829 συμβαίνοντοί

118 3842 179 3907 D3,
193 3845 217 3898 Ι.
231 3845 256 3898 8.
284 3842 430 3897 Barnabas
448 3845 522 3897 hunc
540 3845 631 3899 locum
648 3863 688 3900 re·
717 3844 771 3914 σοι]
791 3844 815 3897 Ι)
833 3846 858 3908 3,
880 3845 918 3898 ΙΟ.

117 3932 215 3999 petens
223 3930 306 3999 plura
318 3929 419 3985 omisit.
433 3960 466 3970 —
485 3928 690 4004 οὐμνῃοικακή-
753 3932 775 3984 7.
796 3930 846 3988 οὐκ
864 3927 922 4003 ίσῃ]
943 3933 966 3985 Ι)
985 3935 1009 3997 2,
1021 3935 1046 3987 4.
1065 3964 1097 3973 -
1116 3931 1287 4007 ὑποταγήσῃ]

118 4017 184 4087 σεις]
213 4017 236 4070 D
260 4018 292 4084 2,
309 4018 335 4071 3.
376 4015 416 4069 Ut
443 4019 527 4072 notae
553 4018 689 4084 indicant,
718 4020 846 4085 Ι)4,11.
873 4021 907 4073 In
924 4020 1059 4075 Doctrina
1079 4038 1171 4075 versus
1189 4022 1229 4075 sic
1247 4022 1288 4075 in·

121 4103 267 4158 Barnabas
284 4104 358 4157 hunc
376 4120 485 4158 versum
505 4121 538 4158 cx
556 4108 690 4173 quattuor
717 4104 1288 4180 οἰρὶλιὑμεῖςδὲοίδοῦλοιὺποταγήσεσθε,

119 4188 271 4247 Doctrinae
289 4190 356 4247 locis
375 4191 546 4260 compilavit.
717 4194 811 4248 itaut
831 4211 882 4249 vox
899 4194 993 4268 κύριος
1016 4212 1126 4250 omnem
1148 4195 1288 4249 hominem

155 4281 179 4333 5.
207 4277 241 4334 οὐ
257 4284 296 4349 μή
313 4277 474 4349 διψυχήσῃς]
493 4277 516 4329 Ι)
534 4279 560 4342 4,
572 4280 596 4332 4.
624 4279 691 4333 Bar·
705 4279 869 4359 significet,
892 4281 940 4350 qui
958 4298 1101 4337 servorum
1118 4285 1288 4352 potestatem

1048 4385 1084 4442 70
