2918 4890
386 333 572 390 DOCTRINA
590 331 779 389 DUODEOIM
798 330 1073 389 APOSTOLORUM.
1254 332 1317 402 XV

133 492 225 557 ἀλλὰ
248 495 327 576 μετὰ
348 491 481 575 κρίσεως
503 493 636 566 καὶτοῖς
653 491 758 571 ἀξίοις,
782 494 832 555 ἵνα
854 493 993 576 εὕρωμεν
1009 492 1212 577 ἀνταπόδομα
1228 498 1314 577 παρὰ

134 605 195 661 τοῦ
219 597 360 679 ὑψίστου.
406 595 486 660 0ὐαί
509 597 544 659 δὲ
565 605 630 670 τοῖς
654 597 761 680 ἔχουσι
785 598 840 659 καὶ
864 596 896 659 ἐν
919 596 1082 680 ὑποκρίσει
1104 597 1315 684 λαμβάνουσιν

134 704 157 786 ἡ
182 699 365 785 δυναμένοις
388 700 516 785 βοηθεῖν
539 700 661 775 ἑαυτοῖς
694 702 748 763 καὶ
777 701 945 786 λαμβάνειν
968 702 1043 785 παρ’
1065 702 1179 787 ἑτέρων
1203 703 1314 788 βουλο-

134 805 262 890 μένοις·
287 806 387 889 ὁγὰρ
411 808 493 890 ἔχων
516 807 571 868 καί
595 806 631 868 δι’
657 805 819 889 ὑπόκρισιν
842 808 863 890 ἢ
887 806 998 890 ἀργίαν
1022 806 1189 892 λαμβάνων
1212 829 1312 870 κατα-

133 910 337 995 κριθήσεται.

229 1015 458 1100 Origenes
473 1015 645 1079 Doctrinae
661 1015 810 1078 notitiam
826 1015 932 1097 prodit
948 1015 1041 1079 Hom.
1058 1015 1114 1095 Vl,
1131 1019 1150 1079 2
1167 1018 1201 1081 in
1217 1017 1313 1082 ludio.

134 1123 203 1205 (De
226 1122 259 1184 la
282 1120 351 1185 Rue
373 1119 420 1199 ΙΙ,
444 1119 540 1204 471),
572 1120 627 1182 ubi
656 1119 694 1182 de
723 1119 914 1183 eucharistia
944 1120 1076 1203 loquens
1109 1121 1256 1186 similiter
1280 1144 1315 1185 ae

135 1225 286 1290 Clemens
308 1225 346 1287 cle
369 1225 525 1308 sanguine
547 1224 624 1287 dicit
647 1245 738 1287 verae
761 1223 854 1302 vitis,
887 1246 967 1307 quae
989 1226 1130 1289 ascendit
1152 1227 1189 1289 de
1211 1228 1315 1291 radice

134 1330 260 1406 David,
284 1351 365 1412 quae
386 1329 483 1392 verba
507 1329 546 1392 ad
569 1328 678 1392 Doctr.
703 1330 733 1406 9,
758 1330 777 1390 2
802 1328 965 1392 referenda
988 1333 1072 1392 sunt.
1118 1328 1224 1393 Instar
1247 1353 1314 1392 ma-

134 1434 236 1521 gistri
250 1433 438 1498 Doctrinam
460 1432 558 1497 etiam
573 1432 769 1515 Scripturam
797 1433 974 1515 appellasse
990 1433 1122 1499 videtur.
1163 1434 1211 1498 De
1226 1435 1314 1518 prin·

134 1541 199 1622 cip.
225 1536 283 1618 lll,
307 1538 337 1617 2,
363 1538 380 1600 7
404 1537 506 1614 enim,
538 1537 605 1600 sine
628 1535 695 1600 Deo
726 1535 808 1599 nihil
835 1536 902 1600 fieri
926 1538 1082 1620 probans,
1113 1538 1198 1601 haud
1221 1539 1315 1602 dubie

135 1645 250 1709 Doctr.
274 1644 304 1722 3,
332 1643 372 1704 10
396 1640 566 1724 respiciens
595 1639 722 1703 scribit:
753 1638 926 1720 Propterea
956 1661 1014 1704 uos
1043 1641 1126 1706 docet
1148 1640 1315 1722 Scriptura

135 1749 265 1827 diviua,
298 1747 405 1811 amula
434 1767 515 1827 quae
545 1744 689 1809 acctduut
710 1745 801 1807 uobis
822 1749 975 1825 tanquam
997 1766 1018 1808 a
1041 1743 1110 1808 Deo
1132 1745 1223 1809 alluta
1244 1766 1313 1809 sus-

136 1855 249 1936 cipere,
272 1853 412 1931 sca'eutes,
436 1851 519 1934 quod
540 1851 608 1914 siue
630 1848 699 1913 Deo
721 1848 802 1912 uitat
820 1849 865 1929 u.
912 1850 1002 1930 Quod
1033 1855 1135 1913 autera
1165 1849 1238 1913 taec
1268 1851 1315 1912 tta

135 1959 213 2037 siut,
235 1957 271 2020 ut
294 1961 345 2035 est,
368 1955 452 2037 quod
464 1955 533 2019 siue
548 1953 618 2017 Deo
632 1952 714 2016 areu
723 1953 789 2033 tat,
813 1953 965 2033 quomodo
977 1974 1147 2034 possamus
1162 1954 1313 2033 dubitare,

138 2060 284 2126 Domiuo
317 2066 344 2125 et
372 2061 525 2125 calcatore
551 2057 777 2138 prouuatr'aute
809 2062 836 2121 et
863 2057 999 2121 doceate:
1033 2058 1145 2121 Nouae
1169 2079 1314 2138 pascuas

137 2169 201 2229 etc.
246 2164 314 2228 Hcs
338 2165 423 2228 locos
453 2163 548 2247 primi
576 2162 615 2225 ad
638 2161 823 2225 Doctrinam
853 2162 1030 2226 retulerunt
1056 2163 1260 2227 Bornemann
1283 2169 1315 2227 et

136 2269 268 2334 Potwin
281 2268 316 2353 ¹).
362 2268 515 2333 Harnaclr
537 2268 576 2331 ad
600 2266 707 2332 Doctr.
735 2266 763 2345 1,
780 2268 800 2331 3
823 2266 963 2330 Homll
983 2267 1104 2331 inlev.
1120 2267 1229 2349 (Dela
1245 2266 1314 2331 Rue

136 2372 181 2453 Π,
199 2374 277 2456 246)
301 2372 446 2451 contulit,
470 2372 526 2435 ubi
548 2371 702 2456 legimus:
727 2370 788 2435 seu
810 2376 854 2435 est
875 2372 942 2435 altu
965 2372 1129 2436 tetuuaudu'
1150 2372 1232 2436 ratio
1255 2373 1313 2436 ad-

136 2479 201 2543 leuc
222 2478 384 2560 rettpe'osa‚
414 2477 502 2541 cuius
531 2476 603 2539 taus
633 2475 831 2556 quorundam
853 2477 1064 2556 apostotorum
1091 2478 1200 2541 titteris
1217 2498 1313 2557 prue-

137 2583 280 2661 du‘eutur5
310 2580 485 2645 iuueuuuus
507 2581 588 2644 eutru
611 2581 646 2643 tu
668 2580 802 2660 quodam
824 2580 925 2644 libello
953 2582 991 2645 ab
1007 2583 1156 2662 apostolis
1178 2582 1312 2645 dictura:

138 2687 262 2752 Beatus
284 2691 344 2766 est,
375 2685 430 2767 put
457 2685 549 2748 etturu
577 2684 697 2747 tetuuat
720 2704 783 2765 pro
807 2704 855 2762 ec,
885 2689 920 2747 ut
942 2686 1007 2748 alut
1024 2706 1214 2765 pauperum·
1245 2686 1313 2768 ipse

138 2795 248 2856 autem
270 2790 375 2855 locum
398 2791 438 2853 ad
460 2788 647 2853 Doctrinam
669 2811 734 2852 non
758 2811 824 2853 esse
846 2788 1048 2852 referendum
1070 2789 1173 2853 fassus
1196 2794 1252 2853 est.

228 2893 348 2959 Eodem
378 2894 443 2957 fere
472 2896 614 2975 tempore
638 2896 747 2956 auctor
772 2891 979 2956 Canonum
1006 2893 1313 2957 ecclesiastico-

138 3023 226 3065 rum
249 3000 438 3083 scripturam
460 2989 493 3060 in
516 3019 609 3061 usum
632 3021 724 3061 suum
749 2997 921 3076 convertit,
953 3002 1063 3080 postea
1085 3001 1195 3060 auctor
1218 2996 1313 3061 Con-

138 3105 410 3168 stitutionum
432 3102 726 3186 apostolorum,
750 3102 787 3166 de
810 3103 925 3186 quibus
949 3103 1034 3166 infra
1057 3103 1117 3186 egi.

228 3207 360 3274 Saeculo
381 3207 429 3272 IV
451 3207 580 3270 ineunte
596 3207 750 3270 Doctrina
781 3229 856 3270 usus
888 3211 936 3270 est
966 3207 1220 3272 Lactantius.
1256 3207 1313 3269 Di-

138 3314 206 3377 vin.
231 3312 336 3377 Instit.
360 3311 417 3392 Vl,
441 3312 548 3374 3-23
572 3316 603 3375 et
625 3311 713 3394 Epit.
737 3312 798 3378 div.
823 3312 898 3377 inst.
924 3333 950 3375 c.
972 3312 1100 3376 59—60
1124 3334 1188 3376 non
1211 3313 1314 3375 solum

138 3419 179 3482 de
202 3418 324 3482 duabus
347 3417 406 3481 viis
429 3417 513 3501 agit,
545 3416 597 3479 sed
628 3415 661 3477 in
693 3439 786 3499 opere
814 3416 957 3480 breviore
980 3415 1088 3482 Doctr.
1115 3418 1143 3495 1,
1168 3418 1187 3477 2
1211 3438 1244 3479 se
1267 3415 1315 3480 le-

138 3524 226 3608 gisse
242 3522 319 3585 satis
335 3521 417 3585 clare
431 3521 552 3584 indicat
567 3543 742 3603 exponens:
766 3522 905 3605 primum
925 3521 1066 3586 iustitiae
1080 3522 1221 3586 officium
1237 3544 1313 3600 esse,

139 3628 244 3692 Deum
267 3627 398 3711 diligere
421 3629 457 3688 ut
480 3629 611 3708 patrem,
636 3626 690 3708 qui
713 3648 771 3689 nos
794 3626 921 3709 genuit3
946 3625 1126 3703 secundum,
1150 3626 1313 3688 hominem

140 3754 312 3817 agnoscere
333 3732 420 3795 velut
441 3730 590 3808 fratrem
621 3735 717 3813 atque
739 3731 877 3794 radicem
899 3730 1041 3793 iustitiae
1070 3734 1101 3793 et
1124 3751 1216 3793 omne
1238 3729 1313 3792 fun-

140 3839 325 3901 damentum
348 3835 517 3918 aequitatis
540 3857 606 3899 esse
636 3834 735 3916 illud,
769 3840 804 3898 ut
832 3857 872 3898 ne
906 3834 1004 3897 facias
1028 3835 1105 3915 ulli,
1136 3834 1220 3918 quod
1245 3834 1313 3915 pati

140 3942 234 4021 nolis,
257 3941 311 4004 sed
334 3940 465 4003 alterius
487 3940 628 4003 animum
651 3940 689 4003 de
711 3945 767 4003 tuo
790 3938 949 4016 metiaris,
980 3938 1045 4018 vel,
1077 3942 1114 4001 ut
1136 3937 1209 4001 niv.
1232 3936 1310 4002 lnst.

214 4187 240 4254 1)
260 4184 381 4253 Theolop.
402 4184 657 4252 Irttteraturaettuup
678 4183 743 4236 1885
764 4200 791 4250 p.
810 4182 869 4236 413.
910 4180 964 4233 The
983 4180 1171 4249 Iudepeudeat,
1191 4180 1234 4233 21.
1247 4179 1313 4234 Jan.

66 4338 71 4345 Ι
143 4271 219 4326 1886.
256 4269 297 4326 cf.
317 4270 413 4327 Schaff
429 4271 472 4327 ed.
491 4271 517 4323 Il
534 4288 560 4340 p.
580 4271 641 4326 304.
