2918 4890
597 1266 601 1271 ‚
654 1183 919 1254 uruuussru
1085 1251 1087 1255 ,

464 1303 690 1369 umosmo
714 1301 906 1368 omium
928 1302 1115 1372 VIARUM.

293 1604 413 1671 XVIII.
453 1601 645 1688 Μεταβωμεν
669 1601 704 1664 δὲ
736 1603 791 1664 καὶ
813 1602 864 1664 ἐπὶ
887 1600 995 1684 ἑτέραν
1018 1613 1130 1687 γνῶσιν
1157 1607 1211 1668 καὶ
1233 1599 1382 1692 ccccxiv.

205 1705 292 1777 Ὁδοὶ
315 1703 373 1775 δύο
397 1706 476 1774 εἰσὶν
499 1708 628 1790 διδαχῆς
651 1708 705 1770 καὶ
728 1705 879 1787 ἐξουσίας,
902 1709 922 1791 ἥ
947 1728 982 1770 τε
1007 1715 1062 1770 τοῦ
1085 1710 1187 1792 φωτὸς
1209 1711 1262 1773 καὶ
1284 1710 1383 1794 ἡτοῠ

185 1818 348 1889 ισαδτους.
394 1811 548 1901 Διαφοροέ
579 1809 616 1876 δὲ
644 1810 746 1896 πολλοὶ
775 1813 839 1875 τῶν
862 1812 920 1877 δύο
950 1804 1043 1877 ὁδῶν.
1087 1811 1156 1897 Ἐφ’
1177 1817 1215 1899 ἧς
1237 1817 1292 1898 μὲν
1317 1817 1381 1900 γάρ

208 1924 281 1985 εἰσιν
305 1919 487 2003 τεταγμένοι
509 1920 698 2002 φωταγωγοί
721 1917 850 2001 ἄγγελοι
870 1927 925 1981 τοῦ
947 1918 1035 2001 θεοῦ,
1059 1916 1107 2000 ἐφ’
1128 1921 1167 2003 ἧς
1189 1919 1225 1982 δὲ
1247 1920 1382 2003 ἄγγελοι

208 2035 263 2090 τοῦ
285 2035 414 2089 σατανᾶ.
460 2025 488 2090 2,
513 2021 578 2085 Καὶ
600 2022 617 2084 ὁ
641 2021 695 2106 μὲν
718 2023 800 2085 ἐστιν
823 2022 930 2104 κύριος
954 2020 1008 2085 ἀπ’
1030 2021 1149 2086 αἰώνων
1173 2024 1228 2086 ιιαί
1248 2023 1290 2098 εἰς
1305 2027 1380 2098 τοὺς

209 2133 332 2212 αἰῶνας,
356 2129 373 2192 ὁ
396 2130 431 2192 δὲ
454 2131 560 2212 ἄρχων
583 2136 695 2209 καιροῠ
719 2135 773 2189 τοῦ
797 2135 850 2189 νῦν
872 2135 927 2209 τῆς
950 2126 1089 2210 ἀνομίας.

296 2234 382 2299 XIX.
418 2223 463 2296 ‘H
481 2220 533 2298 οὖν
552 2227 628 2306 ὁδός
650 2237 704 2293 τοῦ
721 2231 824 2312 φωτός
839 2227 925 2295 ἐστιν
939 2224 1035 2317 αὕτη·
1057 2232 1111 2296 ἐάν
1126 2254 1171 2308 τις
1186 2232 1287 2297 θέλων
1301 2230 1375 2294 ὁδον

171 2372 195 2408 10
210 2339 326 2403 ὁδεύειν
362 2341 412 2402 ἐπὶ
443 2340 495 2400 τὸν
530 2335 698 2421 ὡρισμένον
735 2336 847 2418 τόπον,
886 2336 1004 2422 σπεὺοῃ
1039 2347 1102 2412 τοῖς
1136 2339 1239 2423 ἔργοις
1271 2337 1380 2400 αὑτοῦ.

209 2446 316 2509 Ἔστιν
347 2447 400 2508 οὖν
428 2445 449 2529 ἡ
473 2443 604 2506 δοθεῖσα
632 2442 704 2526 ἡμῖν
734 2450 846 2526 γνῶσις
869 2451 922 2505 τοῦ
946 2451 1125 2526 περιπατεῖν
1155 2443 1187 2506 ἐν
1216 2445 1295 2526 αὐτῇ
1318 2463 1382 2505 τοι-

210 2552 298 2635 αύτη.
344 2552 372 2612 2.
394 2539 582 2633 Ἀγαπήσεις
611 2544 669 2614 τόν
691 2568 727 2611 σε
749 2542 941 2634 ποιήσαντα,
972 2547 1139 2634 φοβηθήοῃ
1168 2547 1221 2611 τὸν
1243 2568 1279 2610 σε
1298 2547 1383 2611 πλά-

210 2677 316 2739 σαντα,
340 2654 480 2733 δοξασεις
502 2654 555 2716 τόν
578 2675 613 2716 σε
635 2653 874 2737 λυτρωσάμενον
897 2655 935 2717 ἐτι
950 2653 1107 2717 θανάτου·
1132 2654 1188 2737 ἔσῃ
1204 2651 1325 2726 ἁπλοῦς
1342 2661 1382 2736 τῇ

210 2760 325 2846 καρδίᾳ
348 2761 402 2822 καὶ
424 2758 571 2833 πλούσιος
593 2768 636 2843 τῷ
651 2758 817 2842 πνεύματι·
842 2761 878 2822 οὐ
893 2758 1081 2844 κολληθήσῃ
1098 2760 1175 2843 μετὰ
1190 2766 1252 2822 των
1267 2777 1382 2840 πορευ-

131 2949 136 2961 ,
172 2893 197 2929 ιι
211 2866 329 2951 ομὲνων
345 2866 377 2927 ἐν
393 2863 456 2948 ὁδῷ
471 2863 621 2946 θανάτου,
643 2862 787 2948 μισήσεις
803 2871 874 2942 πᾶν,
894 2856 913 2929 ὃ
929 2861 983 2930 οὐκ
998 2860 1083 2929 ἔστιν
1097 2853 1228 2949 οἷρεσιόν
1241 2868 1290 2946 τῷ
1303 2862 1383 2946 θεῷ,

245 3021 346 3084 XVIII,
367 3020 390 3073 l.
419 3020 520 3074 Vocem
538 3024 648 3092 διδαχὴν
672 3020 782 3075 charae·
809 3019 835 3074 II
854 3019 913 3075 Cor.
933 3022 957 3085 6,
979 3022 1018 3075 14.
1038 3020 1052 3072 I
1069 3021 1165 3075 Ioann.
1186 3022 1209 3083 1,
1226 3019 1304 3073 5-7.

211 3109 317 3164 teribus
334 3104 451 3160 mutatis
464 3105 537 3170 dedi,
556 3106 623 3174 quia
636 3107 781 3161 Barnabas
844 3105 916 3168 XIX,
939 3118 960 3162 ι.
990 3107 1028 3163 cf.
1049 3107 1072 3160 D
1093 3107 1159 3172 1‚2.

212 3194 389 3250 eamcfonte
399 3210 447 3248 suo
466 3193 512 3246 vel
522 3192 705 3262 inscriptione
715 3193 783 3250 Doo-
845 3195 869 3246 2.
896 3191 1046 3265 ἀγαπήσεις
1057 3193 1128 3264 κτλ]
1146 3192 1209 3260 DI,
1221 3195 1247 3248 2.
1276 3193 1384 3247 Barna·

212 3281 305 3336 trinae
324 3279 514 3349 apostolorum
527 3280 728 3350 deprompsisse
741 3282 782 3335 vi·
810 3278 860 3333 bas
881 3281 1013 3338 τὸνθεόν
1031 3282 1093 3350 post
1103 3279 1255 3354 ἀγαπήσεις
1269 3281 1383 3343 delevit,

213 3370 302 3423 detur.
333 3365 480 3437 Epistulae
490 3368 638 3422 Barnabae
652 3368 725 3423 enim
739 3386 782 3424 ca·
811 3367 894 3437 plura
904 3370 998 3423 autem
1009 3368 1127 3423 addidit.
1148 3399 1181 3409 —
1200 3371 1380 3444 φοβρθὴσῃυ

213 3458 275 3525 pita
293 3453 472 3508 XVIH-XX
491 3455 622 3509 recudens
642 3473 688 3519 ea,
713 3473 784 3524 quac
811 3454 944 3523 δοξάσεις]
965 3454 1061 3509 Sirach
1080 3457 1171 3511 vorbis
1191 3459 1214 3520 7,
1234 3458 1268 3512 30
1284 3454 1314 3512 ἐν
1328 3450 1381 3525 ὅλῃ

212 3544 242 3596 in
259 3543 313 3596 hac
331 3541 470 3611 scriptura
491 3543 625 3612 leguntur
645 3560 678 3597 ex
696 3559 784 3612 caque
811 3543 921 3613 δυνάμει
949 3541 1093 3616 ἀγάπησον
1111 3546 1161 3601 τὸν
1179 3541 1330 3618 ποιήσαντά
1349 3561 1384 3598 σε

213 3630 366 3700 repetenda
384 3632 458 3695 sunt,
477 3630 580 3685 litteris
599 3630 719 3699 obliquis
738 3647 784 3684 ex·
810 3634 856 3687 καὶ
868 3631 933 3698 τοὺς
941 3632 1119 3706 λειτουργοὺς
1127 3628 1385 3704 atrocissimam-

213 3720 308 3789 prossi.
326 3749 362 3759 -
379 3717 439 3776 ὁδοὶ
457 3718 505 3776 δύο
517 3718 587 3788 κτλ]
607 3719 646 3773 Of.
661 3717 685 3770 D
703 3717 784 3784 (Doc-
810 3721 890 3790 λίπρς
908 3721 932 3782 I,
951 3720 981 3773 31
1008 3720 1153 3774 confestim
1172 3719 1268 3775 addit:
1293 3723 1386 3791 φοβοῦ

213 3806 290 3860 trina
304 3809 403 3876 apost.)
423 3809 447 3869 1,
461 3809 483 3862 1.
505 3839 536 3847 —
556 3809 651 3881 φωτὸς
662 3810 708 3863 καὶ
721 3808 783 3864 cxc·
811 3807 861 3862 τὸν
887 3806 994 3882 κύριον,
1021 3810 1068 3864 καὶ
1094 3809 1213 3875 δόξασον
1237 3804 1319 3879 ἱερέα.
1350 3836 1386 3846 -

181 3884 184 3891 ’
215 3892 289 3962 τους]
309 3894 369 3948 Ηοο
387 3912 473 3961 voces,
492 3912 562 3963 quas
574 3893 718 3948 Barnabas
738 3911 784 3949 vo·
811 3889 915 3961 διπλοῦς
933 3914 956 3950 τ.
975 3894 1011 3964 ιι]
1031 3893 1100 3963 Eph.
1119 3897 1173 3958 6,5
1192 3896 1220 3950 ot
1238 3891 1295 3948 (Iol.
1314 3892 1339 3956 3,
1350 3894 1386 3947 22

215 3979 290 4034 cibus
313 3985 384 4052 ζωῆς
406 3985 451 4038 καὶ
475 3981 601 4038 θανάτου
628 3980 783 4043 substItuit
814 3977 935 4052 ἁπλότης
953 3993 1001 4051 τῆς
1009 3984 1122 4055 καρδίας
1141 3982 1385 4038 commemoratur.

214 4065 244 4118 in
256 4064 282 4119 S.
292 4065 435 4136 Scriptura
444 4069 473 4122 et
482 4066 647 4137 praesertim
659 4067 690 4120 in
701 4067 784 4138 scrip·
810 4098 846 4108 —
863 4068 994 4135 πλούσιος
1007 4068 1096 4138 πται]
1116 4068 1217 4124 Marcu
1232 4070 1256 4132 5,
1268 4067 1285 4124 3
1303 4083 1385 4136 prac-

215 4153 286 4206 turis
305 4153 330 4208 S.
344 4155 456 4210 Ioannis
474 4173 556 4226 saepe
573 4156 716 4224 leguntur.
740 4156 779 4211 CI.
811 4155 941 4210 dicantur
964 4153 990 4213 oi
1007 4159 1113 4229 πτωχοὶ
1131 4163 1170 4231 τῷ
1186 4153 1331 4225 πνεύματι.
1351 4183 1384 4192 -

214 4239 271 4294 Iob.
291 4242 337 4309 12,
356 4241 398 4297 25.
425 4242 521 4297 Ioann.
542 4244 565 4308 1,
583 4243 652 4297 4-9
660 4264 668 4308 ;
692 4244 782 4307 3,19.
810 4248 934 4315 μισήσεις
960 4242 1030 4315 κτλ]
1057 4244 1082 4298 D
1106 4247 1136 4310 4,
1158 4245 1199 4299 12.
1235 4243 1385 4314 Barnabas
