2918 4890
138 300 211 366 LIV
581 296 864 353 Paonueouuua

144 463 223 526 alias
247 463 286 526 ad
311 460 536 544 antiquitatem
560 480 734 535 summam,
768 457 847 521 alias
877 458 915 521 ad
940 461 1065 539 tempus
1088 455 1245 539 posterius
1268 477 1317 518 re·

141 567 286 631 ferendas
309 570 342 630 et
364 563 534 629 nonnullos
557 563 642 627 locos
666 584 730 626 non
754 584 820 626 esse
842 561 1082 646 intellegendos,
1106 561 1169 624 nisi
1185 581 1317 644 ponere-

142 694 232 750 mus,
268 674 428 734 auctorem
461 669 650 752 scripturam
683 666 822 750 aliquam
856 670 995 731 veterem
1029 664 1231 749 exscripsisse
1262 684 1319 726 nec

143 798 268 858 semper
290 774 425 839 feliciter
448 776 605 851 mutasse,
638 775 674 834 ut
696 771 835 855 priorem
866 771 913 833 ita
943 771 1038 834 etiam
1062 771 1196 834 alteram
1218 767 1319 832 libelli

11 902 21 911 ⁵
143 884 268 964 perlem
290 902 328 944 ex
351 878 422 942 aliis
445 878 611 960 scripturis
635 876 841 959 compilatam
865 898 930 940 esse
953 876 1117 940 conclusit.
1155 874 1318 952 Harnack,

144 1007 214 1050 oum
239 984 277 1047 de
299 982 438 1047 diaconis
461 983 510 1046 bis
534 1003 637 1046 sermo
660 981 719 1059 sit,
751 981 791 1044 ab
815 984 942 1044 auctore
965 981 1042 1045 duas
1066 981 1239 1065 scripturas
1263 978 1319 1041 ad-

143 1089 262 1152 hibitas
282 1091 367 1151 etex
382 1109 446 1150 una
461 1088 567 1170 capita
583 1086 722 1163 16-21,
747 1107 785 1148 ex
807 1085 908 1149 altera
930 1087 1036 1170 capita
1051 1087 1181 1149 22-28
1204 1084 1255 1149 vel
1278 1083 1319 1146 29

144 1195 330 1277 deprompta
353 1214 420 1256 esse
442 1191 613 1256 contendit.
651 1189 754 1269 Illam,
777 1190 811 1252 in
835 1212 898 1273 qua
914 1188 1113 1264 Κατάστασις
1125 1198 1181 1252 τοῦ
1197 1187 1319 1271 κλήρου

145 1298 289 1382 exposita
311 1297 434 1376 fuisset,
458 1297 542 1361 idem
564 1295 678 1377 0111111)
703 1295 743 1358 ad
766 1296 925 1360 saeculum
950 1294 1000 1360 Ill
1022 1295 1141 1373 iniens,
1164 1295 1248 1358 hanc
1271 1293 1321 1356 vel

144 1401 344 1464 Κατάστασιν
374 1410 429 1484 τῆς
462 1398 649 1483 ἐκκλησίας.
666 1400 706 1463 ad
728 1401 888 1463 saeculum
911 1397 943 1463 Π
971 1400 1076 1463 exiens
1099 1398 1228 1475 retulit3
1261 1420 1320 1460 nu·

146 1505 323 1590 perrime2)
356 1510 524 1588 utramque
553 1505 690 1587 tempori
721 1503 838 1568 Iustini
870 1504 1022 1587 martyris
1053 1507 1084 1567 et
1112 1502 1321 1585 epistularum

145 1611 371 1695 pastoralium,
401 1632 479 1693 quas
502 1631 566 1673 non
590 1632 609 1672 a
632 1607 732 1673 Paulo
756 1609 916 1692 apostolo,
949 1609 1002 1672 sed
1026 1609 1108 1672 circa
1140 1609 1190 1672 vel
1213 1607 1321 1691 paullo

147 1720 220 1800 post
242 1715 402 1780 saeculum
419 1713 452 1779 ΙΙ
474 1713 610 1778 medium
636 1714 795 1778 confectas
819 1737 886 1778 esse
908 1718 1012 1797 putat,
1036 1714 1204 1797 adscripsit
1227 1717 1323 1796 atque

148 1822 330 1906 fragmenta
357 1820 449 1884 nobis
474 1823 600 1883 servata
622 1823 775 1903 tanquam
799 1822 1006 1882 monumenta
1028 1817 1251 1901 antiquissima
1274 1838 1323 1880 se-

151 1926 288 2009 paratim
312 1926 410 1989 edidit
433 1929 466 1989 et
488 1926 715 1988 commentario
739 1924 934 2006 amplissimo
957 1923 1119 1987 instruxit.

236 2029 393 2112 Equidem
417 2030 593 2094 sententiae
616 2029 763 2094 assentiri
783 2051 914 2112 nequeo
955 2029 1126 2093 Auctorem
1150 2026 1251 2090 libelli
1274 2048 1324 2090 se·

151 2135 287 2200 cundam
302 2138 426 2217 partem
448 2138 549 2197 totam
574 2156 612 2198 ex
626 2133 755 2218 ingenio
771 2156 829 2197 suo
850 2135 1011 2217 scripsisse
1025 2154 1225 2217 nequaquam
1243 2130 1323 2194 dico.

150 2239 361 2305 Econtrario
393 2238 563 2303 verisimile
591 2243 687 2322 put0,
720 2260 791 2302 eum
814 2238 867 2302 hio
889 2242 926 2301 ut
947 2239 981 2301 in
1003 2241 1094 2320 parte
1116 2236 1222 2320 priore
1245 2234 1324 2298 alias

148 2344 322 2425 scripturas
337 2342 370 2405 in
386 2365 479 2405 usum
494 2366 586 2407 suum
602 2344 802 2407 convertisse.
837 2344 984 2427 Eumque
999 2343 1135 2426 epistula
1150 2341 1324 2405 Clementis

149 2449 189 2511 ad
213 2445 394 2510 Corinthios
425 2470 518 2511 usum
548 2469 615 2512 esse
643 2448 772 2530 insuper
801 2449 895 2531 plane
926 2450 1023 2530 patet.
1070 2446 1118 2511 ef.
1149 2446 1256 2510 adnot.
1282 2446 1322 2511 ad

151 2554 201 2631 12,
220 2553 255 2625 2;
280 2551 333 2630 22,
349 2552 389 2628 2;
414 2553 465 2628 23,
484 2553 578 2617 1-3.
617 2552 750 2617 Minime
772 2557 878 2618 autem
895 2554 1145 2617 demonstratum
1169 2555 1226 2630 est,
1251 2574 1324 2616 eum

150 2681 188 2722 ex
211 2657 333 2721 duobus
349 2657 492 2721 fontibus
512 2661 639 2721 tantum
654 2658 807 2739 hausisse,
831 2661 986 2741 quantum
1002 2656 1153 2721 Hamack
1169 2679 1208 2720 ex
1223 2658 1324 2740 scrip-

149 2763 231 2827 turis
254 2762 488 2846 antiquioribus
511 2762 715 2846 repetendum
736 2785 802 2828 esse
818 2764 949 2828 censuit.
989 2762 1075 2841 lnde,
1100 2763 1184 2846 quod
1200 2762 1325 2828 duobus

150 2869 227 2933 locis
251 2868 289 2932 de
312 2867 452 2931 diaconis
468 2867 620 2952 loquitur,
644 2891 845 2952 nequaquam
863 2869 1016 2952 sequitur,
1040 2891 1114 2932 eum
1130 2868 1208 2932 duas
1224 2868 1326 2952 scrip-

150 2978 239 3038 turas
263 2973 302 3037 de
317 2971 516 3037 ordinatione
531 2973 606 3036 cleri
629 2973 680 3037 vel
697 2974 843 3039 ecclesiae
859 2979 989 3060 agentes
1005 2974 1214 3058 exscripsisse.
1248 2972 1325 3038 Non

152 3081 236 3145 enim
260 3078 395 3143 secundo
418 3077 487 3141 1030
510 3078 593 3142 idem
616 3078 703 3156 dicit,
728 3079 812 3161 quod
835 3080 938 3162 primo
961 3078 1116 3161 exposuit,
1140 3079 1194 3142 sed
1217 3079 1326 3162 potius

151 3204 247 3246 unam
277 3180 328 3245 vel
350 3182 428 3244 duas
456 3204 494 3245 ex
517 3182 682 3246 sententiis
705 3182 865 3265 prioribus
889 3182 1063 3266 amplificat
1085 3184 1324 3267 confirmatque.

153 3286 319 3351 Praeterea
341 3306 413 3347 oum
435 3306 461 3348 c.
479 3286 519 3349 21
545 3287 582 3350 de
598 3286 701 3349 viduis
724 3286 774 3349 vel
790 3287 974 3351 diaconissis
990 3310 1093 3352 sermo
1108 3289 1160 3368 sit,
1184 3288 1245 3352 loci
1260 3311 1325 3352 non

150 3389 278 3474 proprie
293 3389 537 3473 separati-suum
561 3390 666 3473 capita
682 3391 810 3453 20-22
827 3391 934 3473 potius
954 3393 1176 3477 coniungenda
1198 3414 1235 3457 ac
1250 3416 1325 3478 pars

151 3492 297 3558 habenda
320 3496 412 3570 sunt,
442 3514 524 3575 quae
546 3493 651 3558 officia
675 3494 880 3559 diaconorum
903 3500 935 3560 et
957 3498 1124 3562 viduarum
1147 3498 1197 3562 vel
1219 3499 1327 3562 diaco-

151 3599 308 3663 nissarum
331 3595 482 3661 continet.
527 3596 628 3662 Porro
651 3599 774 3662 dicendi
797 3621 897 3684 genus
920 3602 1026 3684 capita
1049 3602 1089 3666 ab
1112 3625 1176 3667 uno
1200 3601 1327 3666 eodem·

152 3725 212 3788 que
235 3704 362 3765 auctore
384 3701 527 3784 profecta
549 3725 616 3767 esse
631 3704 709 3766 satis
726 3703 810 3769 olare
825 3706 948 3788 probat.
988 3705 1101 3791 Neque
1117 3730 1154 3771 ex
1172 3728 1218 3786 eo,
1240 3709 1327 3791 quod

152 3832 178 3874 c.
205 3808 332 3872 19-20
356 3804 427 3891 (22)
451 3807 489 3871 de
510 3807 628 3872 lectore
652 3809 740 3892 prius
763 3810 871 3894 agitur
894 3833 990 3894 quam
1013 3811 1051 3876 de
1074 3812 1230 3891 diaconis,
1253 3834 1327 3877 cum

152 3916 216 3979 c.3
240 3910 364 3978 diaconi
387 3911 498 3976 lectori
521 3916 766 3998 anteponantur,
794 3916 1009 4001 colligendum
1033 3921 1090 3996 est,
1113 3917 1203 3982 illam
1226 3918 1327 3983 libelli

224 4070 250 4137 1)
269 4067 324 4121 Die
341 4066 428 4120 Lebre
445 4066 492 4121 der
509 4069 592 4133 zwdlf
606 4070 717 4139 Apoatel
735 4069 769 4134 11,
788 4071 935 4126 212-217.

153 4156 250 4311 (1883
274 4155 353 4208 Teate
369 4154 427 4208 und
449 4155 683 4227 Uatusucbunqen
700 4173 748 4210 aur
766 4157 859 4212 Geacb.
881 4158 906 4212 d.
923 4159 1063 4214 3113111311.
1083 4159 1236 4214 Izitteratur
1254 4161 1287 4225 Il,
1300 4160 1327 4214 V

246 4245 314 4306 ,55.
428 4247 431 4251 ’
