2918 4890
145 344 192 410 w
586 336 867 394 Pnonueonuur.

233 505 267 587 4)
290 501 473 585 Κλήμεντος
496 501 574 581 πρός
597 497 785 581 Κορινθίους
808 495 834 582 β’
861 497 929 580 (fol.
955 497 1009 560 70⁸
1032 497 1111 562 med.
1129 535 1166 543 -
1181 495 1236 560 fol.
1263 496 1319 560 76²

146 608 226 673 med.
254 633 261 684 ;

230 609 267 792 b)
291 710 411 794 Διδαχὴ
434 719 495 772 τῶν
512 707 638 770 δώδεκα
653 706 854 770 Ἀποστόλιυν
879 704 946 790 (fol.
964 705 1322 787 76²med.—f01.80);

236 816 268 898 6)
292 814 460 898 Ἐπιστολὴ
484 811 607 895 Μαρίας
630 811 845 896 Κασοοβόλων
873 812 950 892 πρός
974 813 1026 872 τόν
1051 812 1139 893 ἀγιον
1163 811 1217 872 καί
1240 808 1322 891 ίερο-

148 920 289 1003 μάρτυρα
323 917 472 1002 Ἰγνάτιον
508 917 754 1001 ἀρχιεπίσκοπον
789 915 991 990 θεουπόλεως
1023 914 1215 998 Ἀντιοχείας
1250 913 1321 997 (fol.

149 1025 277 1088 81-82
301 1023 416 1106 med.);

236 1129 269 1210 7)
295 1126 359 1190 Τοῦ
383 1127 473 1210 ἁγίου
495 1124 646 1208 Ἰγνατίου
669 1123 870 1197 θεουπόλειυς
887 1122 1078 1207 Ἀντιοχείας
1093 1125 1171 1206 πρός
1188 1121 1323 1205 Μαρίαν,

151 1234 228 1314 πρός
253 1230 485 1314 Τραλλιανοός,
513 1233 591 1313 πρός
623 1228 821 1313 Μαγνησίους
844 1229 913 1293 κτλ.
946 1230 1014 1314 (fol.
1039 1231 1094 1304 ‚82⁶
1116 1228 1323 1293 med-fol.

152 1339 227 1400 120⁸
249 1337 344 1418 init).

239 1441 333 1504 Anno
358 1441 441 1503 1875
465 1441 513 1502 vir
537 1439 734 1502 doctissimus
758 1462 774 1503 e
798 1440 902 1503 codice
918 1438 1087 1503 Clementis
1103 1437 1239 1502 Romani
1256 1439 1324 1522 epi-

152 1546 252 1611 stulas
275 1546 372 1609 edidit
395 1568 509 1628 easque
531 1545 652 1628 primus
676 1544 835 1629 integras,
864 1566 934 1607 cum
959 1544 1055 1632 codex
1078 1543 1324 1622 Alexandrinus,

154 1652 209 1733 qui
231 1673 283 1714 eas
309 1655 402 1714 antea
425 1650 509 1713 solus
533 1649 765 1732 suppeditabat,
790 1648 915 1732 magnis
933 1649 1053 1711 lacunis
1070 1649 1202 1711 laboret.
1242 1647 1325 1711 Tum

152 1754 301 1837 Adolpho
324 1753 510 1838 Hilgenfeld
533 1753 647 1816 codicis
670 1753 819 1817 lectiones
842 1753 996 1836 epistulae
1013 1753 1188 1832 Barnabae,
1213 1751 1326 1845 loanni

117 1917 123 1936 ,
152 1858 246 1954 bapt.
259 1858 426 1943 Lightfoot
438 1858 558 1922 etmihi
570 1858 719 1922 lectiones
731 1859 939 1941 epistularum
955 1857 1194 1941 Pseudoignatii
1206 1834 1323 1919 libera-

153 1962 271 2025 lissime
287 1963 540 2026 communicavit.
583 1962 675 2025 Anno
697 1963 780 2026 1883
798 1963 931 2044 deniqne
948 1965 1080 2026 exeunte
1095 1962 1209 2025 codicis
1226 1961 1326 2044 scrip-

134 2073 261 2130 turam
285 2067 447 2151 hucusqne
470 2067 563 2150 plane
586 2067 783 2152 incognitam
806 2067 838 2129 in
855 2066 1016 2150 publicum
1035 2065 1142 2144 edidit,
1166 2087 1326 2128 commen-

154 2172 237 2235 tario
270 2176 301 2235 et
330 2173 562 2255 prolegomenis
593 2194 662 2235 eam
694 2172 812 2255 optime
834 2172 1014 2251 illustrans,
1045 2172 1164 2235 scilicet
1187 2169 1326 2253 Διδαχὴν
1438 2204 1447 2222 ·

156 2286 216 2339 τῶν
242 2275 366 2337 δώδεκα
391 2276 589 2357 ἀποστόλων,
613 2276 799 2340 Doctrinam
822 2276 984 2339 duodecim
1008 2274 1243 2358 apostolorum,
1276 2274 1327 2338 vel

156 2381 245 2443 illam
269 2380 468 2463 scripturam,
492 2381 580 2444 cuius
596 2403 669 2464 pars
685 2381 772 2464 prior
795 2380 860 2444 fere
876 2382 983 2444 eadem
1007 2384 1054 2443 est
1072 2401 1143 2442 cum
1158 2379 1326 2462 scriptura,

157 2508 250 2568 quam
281 2485 493 2568 Krawutzcky
525 2508 562 2549 ex
586 2486 655 2549 aliis
678 2485 769 2549 libris
800 2484 1088 2568 supranominatis
1119 2505 1183 2546 non
1206 2483 1327 2547 frustra

47 2625 49 2630 ·
158 2591 324 2654 restituere
347 2611 441 2652 ausus
465 2595 521 2653 est.
569 2591 740 2666 Quaeritur
756 2594 872 2668 autem,
895 2612 972 2652 num
990 2593 1115 2671 tempus
1131 2587 1206 2651 libri
1222 2609 1240 2650 a
1256 2588 1327 2651 viro

156 2696 248 2759 docto
267 2700 350 2758 recte
366 2694 532 2758 definitum
549 2695 600 2757 sit.
639 2693 731 2757 Hanc
748 2694 964 2776 quaestionem
980 2693 1239 2777 aggredientibus
1253 2698 1328 2756 ante

156 2801 263 2863 omnia
284 2801 376 2867 nobis
399 2799 588 2883 inquirenda
610 2804 694 2879 sunt,
719 2821 799 2882 qnae
822 2803 943 2862 veteres
967 2798 1004 2861 de
1026 2797 1109 2861 libro
1132 2798 1274 2861 tradunt.

717 2989 766 3044 ΙΙΙ,

244 3112 369 3176 Primus
390 3115 474 3177 inter
496 3115 617 3175 veteres
633 3110 804 3174 Doctrinae
823 3110 1038 3193 apostolorum
1062 3109 1255 3173 mentionem
1281 3109 1330 3171 di-

158 3220 240 3278 serte
262 3216 339 3278 facit
362 3217 580 3281 Eusebius.
627 3213 837 3278 Celeberrimo
853 3214 909 3276 illo
925 3213 1086 3276 Historiae
1102 3213 1329 3278 ecclesiasticae

158 3319 296 3401 capitulo
320 3318 392 3401 (ΙΙΙ,
409 3321 474 3402 25),
498 3320 552 3382 ubi
569 3319 741 3401 scripturas
757 3318 923 3381 canonicas
939 3322 971 3380 et
988 3317 1098 3380 dubias
1115 3317 1330 3401 apocryphas·
1361 3304 1363 3309 Α

159 3444 219 3505 qne
244 3428 423 3502 enumerat,
447 3425 530 3486 inter
553 3422 725 3504 scripturas
749 3422 860 3484 dubias
883 3421 1054 3484 Doctrinae
1077 3415 1157 3504 quae
1182 3422 1331 3484 dicuntur

159 3526 374 3609 apostolorum
389 3528 604 3590 nominantur.
642 3525 816 3608 Postquam
833 3526 916 3588 enim
933 3525 1089 3589 Eusebius
1112 3524 1210 3589 libros
1227 3546 1331 3588 sacros

160 3631 326 3708 recensuit,
350 3652 422 3693 cnm
446 3653 507 3711 eos,
533 3630 588 3714 qui
610 3629 665 3693 illo
689 3635 830 3713 tempore
854 3631 893 3693 ab
918 3631 1064 3694 omnibus
1087 3631 1331 3714 recipiebantur,

90 3722 92 3727 ¹
159 3740 229 3799 tum
252 3758 314 3813 eos,
340 3737 395 3818 qui
411 3760 429 3798 a
444 3736 606 3800 nonnullis
625 3736 820 3799 vocabantur
834 3737 868 3798 in
885 3736 1026 3813 dubium,
1043 3734 1162 3798 scilicet
1177 3732 1330 3817 epistulas

160 3837 267 3903 Iacobi
291 3844 322 3902 et
344 3837 450 3919 Iudae,
475 3839 643 3923 epistulam
666 3838 753 3902 Pctri
778 3840 946 3902 secundam
969 3838 1182 3922 epistulasque
1202 3835 1331 3901 Ioannis

160 3944 328 4008 secundam
356 3947 387 4007 et
410 3945 555 4024 tertiam,
586 3944 692 4028 pergit
715 3944 876 4008 scribens:
906 3941 959 4004 Ἐν
982 3953 1046 4017 τοῖς
1069 3943 1174 4017 νόθοις
1199 3931 1331 4004 κατατε-

160 4046 273 4130 τοίχθυ
296 4049 351 4110 καί
374 4059 434 4139 τῶν
458 4048 587 4111 ΙΙαόλου
603 4047 746 4130 πράξεων
769 4047 922 4130 ἡγραιρὴ,
946 4049 1012 4110 ὅτε
1028 4047 1195 4131 λεγόμενος
1211 4045 1332 4129 Ποιμὴν

161 4152 215 4212 καί
237 4151 258 4233 ἡ
281 4153 480 4234 ἀποκάλυψις
503 4151 634 4235 Πέτρου,
658 4153 712 4214 καί
734 4154 812 4234 πρός
835 4153 953 4225 τοότοις
975 4153 1165 4236 ἡφερομένη
1182 4150 1332 4235 Βαρνάβα

161 4253 308 4338 ἐπιστολὴ
340 4258 499 4321 καὶτῶν
532 4256 779 4319 ἀποστόλων
810 4257 850 4318 αί
883 4256 1112 4339 λεγόμεναι
1146 4255 1332 4338 διδαχαί,
