2918 4890
414 313 600 371 DUODEOIM
621 313 886 372 erosnotoeon
907 316 952 383 XI,
965 320 1043 376 4-7.
1274 323 1314 387 31

138 475 169 539 4.
198 473 285 540 Ante
301 476 408 541 omnia
433 476 554 561 gratias
577 474 637 539 tibi
664 475 798 560 agimus,
822 477 906 559 quod
927 480 1039 561 potens
1065 501 1116 557 cs;
1139 479 1242 564 gloria
1257 482 1316 546 tibi

137 579 172 644 in
196 581 329 645 saecule.
372 583 402 646 5.
427 581 614 660 Recordare,
634 580 780 661 Domine,
804 582 951 646 ecclesiae
966 586 1050 662 tuse,
1066 587 1102 647 ut
1117 606 1185 649 eam
1201 586 1315 651 liberes

138 685 179 750 ab
203 687 290 750 omni
314 687 398 753 malo
422 708 555 771 eamque
575 685 720 769 perficias
742 686 775 750 in
799 687 932 751 caritate
955 691 1028 766 tua,
1061 694 1089 752 ct
1117 689 1224 772 cellipe
1245 713 1315 756 eam

139 811 160 854 a
175 797 325 871 quattuor
347 793 445 857 ventis
467 791 697 856 sanctificatam
713 791 746 855 in
759 813 894 876 regnum
910 796 1015 871 tuum,
1039 794 1122 875 quod
1138 793 1167 858 ei
1182 796 1314 878 parasti,

138 895 290 978 quoniam
314 900 370 960 tua
393 900 440 961 est
455 895 557 960 virtus
580 899 612 959 et
633 895 738 979 gloria
752 896 786 959 in
802 896 935 962 saecula.
978 898 1007 960 ti.
1031 897 1191 962 Adveniet
1205 900 1338 983 gratiae

140 1002 173 1063 et
187 1005 367 1082 praetereat
381 1001 519 1066 mundus
535 1001 597 1065 hic.
635 999 794 1065 Hecatae
807 1001 875 1082 filio
894 999 1013 1066 Dauid.
1052 1001 1086 1067 si
1102 1004 1172 1087 quis
1187 1011 1315 1071 sanctus

137 1108 207 1184 est,
232 1105 377 1184 aocedat;
410 1106 437 1171 si
459 1107 531 1190 quis
553 1128 618 1170 non
641 1109 699 1183 est,
724 1106 954 1189 paenitentiam
976 1110 1071 1193 agat:
1107 1109 1315 1192 Mermertha,

139 1207 254 1274 Amen.
280 1211 308 1277 7.
322 1210 491 1295 Prophetis
504 1233 578 1276 vero
590 1210 767 1296 permittite
780 1212 902 1296 gratias
917 1233 1021 1296 agere,
1039 1217 1175 1296 quantes
1191 1216 1313 1280 volunt.

138 1380 378 1450 glorificaverunt.
402 1381 497 1438 Verba
507 1383 652 1453 aptissime
661 1384 713 1440 hoc
740 1383 916 1453 praecedenti
948 1384 982 1438 de
1009 1383 1132 1438 transitu
1160 1387 1259 1441 mundi
1285 1391 1314 1442 et

137 1466 196 1524 loco
215 1469 309 1539 posita
328 1477 409 1535 sunt,
428 1471 477 1526 ubi
495 1469 622 1526 Christus
641 1470 713 1524 redi·
741 1469 865 1524 adventu
879 1470 983 1525 christi
1002 1488 1092 1527 sermo
1106 1473 1151 1538 sit,
1170 1473 1240 1529 haec
1254 1492 1312 1530 ver·

138 1559 221 1609 turus
239 1562 425 1627 exspectatur.
462 1558 539 1624 Quod
562 1562 657 1613 autem
676 1558 712 1611 ad
740 1557 777 1611 ba
796 1575 852 1613 non
873 1557 907 1612 de
916 1575 1025 1613 accessu
1037 1557 1073 1612 ad
1085 1576 1193 1613 sacram
1206 1578 1311 1626 cenam,

137 1659 232 1698 vocem
245 1639 357 1704 ὼσαννά
370 1647 483 1713 attinet,
503 1646 577 1700 LXX
596 1645 639 1698 Ps.
657 1647 712 1708 117,
740 1643 788 1698 sed
807 1643 841 1698 de
858 1642 979 1699 introitu
1002 1642 1033 1697 in
1056 1644 1201 1700 eeclesiam
1219 1648 1312 1703 Domi-

137 1729 170 1784 25
189 1731 373 1802 interpretati
391 1736 469 1788 sunt:
487 1728 512 1790 ὦ
529 1733 606 1807 κύριε
619 1739 714 1790 σῶσον
740 1749 807 1784 num
818 1733 1025 1800 exspectantem
1034 1731 1227 1802 intellegenda
1237 1738 1312 1790 sunt.

136 1823 169 1891 δή
194 1821 238 1895 (ΝΞ
251 1815 372 1900 ΠῼἾίῗίῦ),
390 1815 504 1896 exere
522 1821 655 1892 είόίηαον
672 1824 712 1892 δή,
740 1819 815 1885 Quae
827 1837 888 1874 cum
898 1818 941 1873 ita
950 1818 1015 1883 sint,
1034 1819 1188 1876 admonitio
1201 1821 1312 1892 adpae·

138 1909 167 1962 et
185 1907 312 1963 Clemens
336 1909 416 1965 Alex.
435 1908 555 1979 Paedag.
576 1911 601 1973 1,
625 1915 656 1973 5,
681 1909 712 1962 12
739 1907 891 1962 nitentium
913 1906 1004 1960 minus
1023 1906 1059 1961 ad
1079 1906 1172 1963 fideles
1185 1911 1311 1978 peccato·

136 2014 163 2067 p.
184 1996 235 2050 105
254 1995 365 2050 scribit:
385 2002 446 2068 φῶς
462 2001 508 2053 καί
526 1998 593 2066 δόξα
610 2000 656 2054 καί
673 1991 712 2052 αί-
739 2014 795 2061 res,
818 2012 903 2064 quam
922 1995 958 2048 ad
976 1995 1187 2050 catechumenos
1205 2000 1234 2051 et
1251 1998 1312 2052 infl-

135 2103 185 2150 νος
204 2081 274 2152 μεθ’
296 2081 432 2158 ἱκετηρίας
455 2092 495 2160 τῷ
512 2087 610 2160 κυρίῳ·
635 2089 712 2142 τουτί
739 2084 814 2139 deles
826 2081 968 2152 dirigitur.
998 2082 1091 2136 Celsus
1104 2082 1180 2152 apud
1194 2083 1270 2153 Orig.
1283 2084 1310 2139 O.

136 2170 190 2246 γὰρ
197 2168 713 2246 ἐμφαίνειέρμευόμενονἙλίάδιφωνῇ
740 2172 808 2228 Cels.
830 2171 877 2234 ΙΙΙ,
897 2171 929 2225 59
949 2170 1043 2233 refert,
1064 2169 1184 2239 gentiles
1202 2170 1238 2225 ad
1251 2190 1312 2241 my-

137 2259 172 2316 τὸ
189 2255 310 2316 meamet.
342 2260 429 2315 Lucas
450 2261 491 2326 19,
505 2262 539 2315 28
557 2261 651 2316 totum
671 2261 712 2316 lo·
739 2259 825 2314 steria
838 2275 948 2314 vocasse
961 2258 1047 2313 alios:
1066 2254 1143 2324 ὅστις
1152 2267 1247 2334 χεῖρας
1263 2282 1312 2318 κα-

139 2364 210 2410 cum,
229 2347 340 2401 Marcus
360 2347 429 2410 11,9
448 2349 477 2402 et
488 2347 606 2403 Ioannes
626 2349 666 2412 12,
681 2350 710 2402 13
739 2347 829 2420 &uode
836 2348 883 2402 καί
893 2349 989 2416 φωνὴν
997 2346 1121 2412 συνετός,
1139 2346 1222 2402 elios:
1236 2343 1313 2416 ὅστις

137 2435 227 2490 verba
239 2433 341 2488 saltem
350 2442 390 2509 τῷ
399 2431 541 2510 υίῷΔαβίδ
549 2433 710 2498 omiserunt,
738 2431 823 2507 ἁγνὸς
845 2431 902 2490 ἀπὸ
920 2438 1025 2499 παντὸς
1041 2431 1160 2501 μύσους,
1184 2439 1231 2492 καί
1255 2432 1311 2512 desp

136 2537 232 2583 recem
268 2516 379 2578 ὡσαννά
415 2521 504 2576 solam
540 2521 709 2578 exhibentes.
737 2522 845 2594 ἡψυχὴ
862 2519 941 2577 οὐδὲν
958 2519 1066 2576 σύνοιδε
1083 2520 1180 2587 κακόν,
1196 2525 1243 2579 καί
1255 2519 1312 2600 ὅτῳ

136 2608 213 2675 Quae
239 2607 388 2678 respiciens
413 2610 498 2676 atque
523 2609 709 2674 considerans,
737 2605 768 2668 εὖ
793 2614 840 2668 καί
866 2611 976 2675 δικαίως
1001 2611 1137 2682 βεβίωται.
1164 2639 1193 2649 -
1219 2609 1313 2684 μιαρὰν

136 2696 227 2750 Iesum
250 2694 342 2764 ipsum
367 2696 468 2751 Matth.
487 2698 710 2761 2242-45021
737 2696 806 2767 ἀθά]
826 2698 839 2750 Ι
859 2697 919 2752 eor.
942 2697 981 2760 16,
1002 2697 1043 2749 2¹2·
1081 2696 1136 2750 Alii
1156 2698 1242 2752 verbe
1259 2698 1312 2754 illa

137 2781 296 2837 Pharisaeie
313 2781 479 2846 dicentibus,
492 2783 634 2841 Christum
653 2805 710 2844 esse
737 2785 880 2842 arameica
917 2785 1157 2852 interpretantur:
1194 2783 1312 2840 Domine

136 2870 227 2925 filium
251 2870 358 2935 David,
385 2871 547 2940 quaesiisse,
572 2877 710 2943 quomodo
737 2876 840 2938 noster,
860 2871 924 2925 veni
943 2870 987 2941 (cf.
1008 2872 1089 2938 Apoc.
1110 2871 1152 2935 22,
1165 2872 1224 2939 20);
1245 2871 1309 2925 elii:

137 2959 213 3013 filins
237 2960 311 3021 esset
335 2957 439 3022 David,
468 2960 572 3031 quippe
595 2962 643 3030 qui
666 2963 708 3017 Ps.
737 2961 871 3017 Dominus
891 2958 968 3012 venit
987 2956 1053 3028 (ἥκει
1067 2957 1110 3011 vel
1123 2955 1229 3028 ἢλθεν).
1259 2957 1310 3013 Ut-

139 3047 238 3110 109,1
270 3063 333 3102 eum
364 3046 512 3102 Dominum
542 3051 709 3120 appellaret,
736 3064 844 3116 cunque
863 3047 958 3100 autem
976 3044 1062 3099 verba
1080 3047 1244 3109 vertuntur,
1270 3047 1310 3103 lo·

138 3136 224 3202 atque
242 3133 404 3191 Barnabam
419 3137 459 3201 12,
475 3139 574 3192 10-11
594 3140 623 3193 et
641 3157 709 3195 non·
737 3152 783 3189 cus
795 3135 879 3188 finem
891 3130 1075 3201 Apocalypsis
1088 3132 1142 3200 (22,
1153 3134 1197 3203 20)
1210 3134 1241 3188 in
1253 3152 1310 3190 me·

138 3223 233 3278 nullos
258 3221 327 3277 alios
346 3222 493 3292 scriptores
512 3224 709 3282 ecclesiasticos
737 3220 856 3276 moriam
874 3223 996 3276 revocat·
1015 3250 1049 3261 -
1067 3218 1150 3292 ἀμήν]
1170 3221 1250 3276 Hunc
1262 3239 1309 3278 vo-

137 3327 183 3366 eos
200 3310 382 3379 impugnare,
402 3310 451 3378 qui
469 3311 612 3376 dixerunt,
632 3313 709 3369 Chri·
736 3327 795 3366 eem
809 3307 944 3364 Doctrina
967 3309 1019 3364 hoo
1044 3310 1158 3362 tantum
1182 3308 1243 3364 loco
1266 3327 1310 3364 ex·

136 3401 213 3454 stum
237 3413 296 3453 esse
320 3397 408 3451 filium
433 3398 525 3453 David
552 3400 596 3455 vel
620 3401 708 3456 filium
735 3398 821 3453 hibet.

135 3485 271 3551 hominis,
290 3485 423 3540 Hernack
441 3485 588 3543 lectionem
607 3489 708 3544 codicis
771 3489 795 3541 7.
832 3483 946 3540 Sensus:
969 3482 1113 3553 prophetis
1131 3482 1225 3554 eisque
1244 3486 1309 3541 solis

137 3574 316 3632 retinendam
326 3590 384 3628 esse
392 3574 514 3644 putavit.
546 3575 621 3631 Haec
638 3576 708 3632 bene
737 3574 816 3639 licet,
840 3574 871 3628 iu
894 3589 974 3626 sacra
993 3588 1061 3626 cena
1084 3574 1113 3625 et
1131 3588 1222 3641 agape
1241 3573 1309 3627 celo·

137 3662 290 3720 dictasint.
319 3660 368 3716 Sin
377 3663 474 3716 autem
483 3677 590 3716 mecum
601 3666 708 3733 reputo,
736 3660 856 3726 branda,
866 3659 995 3716 formulis
1005 3658 1140 3714 orationis
1150 3659 1308 3728 supraalle·

136 3752 230 3809 locum
247 3747 493 3804 sollemnissimum
517 3750 603 3818 atque
624 3751 708 3806 verba
737 3750 813 3821 gatis
840 3748 1059 3819 praetermissis,
1088 3747 1174 3802 libere
1199 3745 1309 3814 gratias

136 3834 533 3906 eaesse,quaeeS.Scriptura
543 3838 709 3910 deprompta
737 3853 827 3907 agere,
846 3837 968 3905 quantas
986 3835 1094 3891 volunt.
1132 3833 1254 3888 lustinus
1272 3833 1309 3886 si-

136 3943 288 3985 essenemo
299 3923 451 3993 ignoravit,
462 3926 629 3995 persuadere
639 3926 708 3981 mihi
736 3923 832 3978 milem
857 3923 1020 3977 libertatem
1044 3922 1172 3992 episcopo
1197 3919 1307 3984 tribuit,

136 4033 193 4072 non
205 4030 326 4084 possum,
337 4013 478 4067 auctorem
489 4017 548 4089 θεῷ
562 4012 723 4089 scripsisse,
739 4011 854 4081 Apolog.
875 4011 899 4074 Ι,
920 4012 952 4064 67
977 4009 1111 4064 scribens:
1139 4012 1185 4066 καί
1209 4007 1225 4065 ὁ
1243 4028 1310 4083 προ-

136 4103 183 4159 sed
203 4100 318 4155 minime
336 4099 447 4162 dubito,
470 4100 543 4156 hanc
561 4100 708 4156 lectionem
722 4092 723 4154 Ῐ
737 4098 824 4166 εστὼς
842 4098 923 4171 εὐχὰς
940 4097 1045 4168 ὁμοίως
1065 4101 1112 4155 καί
1129 4095 1309 4170 εὐχαριστίας,

134 4208 185 4263 per
201 4191 313 4260 lapsum
333 4187 444 4243 librarii
456 4186 486 4243 in
500 4190 609 4243 textum
621 4188 709 4257 irrep·
721 4157 723 4211 l
736 4184 787 4260 ὅση
805 4186 918 4257 δύναμις
940 4185 1028 4261 αὐτῷ,
1052 4183 1215 4254 ἀναπέμπει.
1250 4182 1309 4238 Ole-

134 4279 208 4334 sisse.
235 4308 267 4316 -
295 4273 379 4345 εἴτις
396 4271 475 4350 ἅγιος
497 4275 567 4346 κτλ]
593 4275 661 4330 cum
679 4275 709 4329 in
721 4272 723 4314 l
736 4291 816 4330 mens
834 4274 913 4330 Rom.
939 4275 951 4326 l
971 4271 1031 4327 Gor.
1049 4273 1092 4337 41,
1112 4273 1125 4326 l
1145 4289 1240 4328 omnes
1258 4271 1309 4327 ad·
