2918 4890
137 274 245 339 XXIV
582 263 862 321 PROLEGOMENA.

138 435 281 495 nostram
305 429 501 494 referendam
525 448 591 489 esse
613 424 705 488 facile
728 424 788 487 tibi
804 423 982 506 persuades,
1006 421 1033 485 si
1048 422 1132 484 locos
1144 417 1315 501 utriusque

137 536 311 618 scripturae
336 533 420 598 inter
443 555 476 596 se
499 551 672 612 comparas,
696 552 793 612 quare
815 529 867 591 hic
890 526 1161 591 transcribantur:

171 654 199 707 Si
225 653 286 723 quis
313 653 403 706 frater
430 650 645 719 delinquat
672 650 710 703 in
774 650 805 704 D.
824 652 911 714 all:
933 651 982 701 Ἐν
1001 647 1314 714 ἐκπλησίᾳέξομολο-

138 740 314 797 ecclesia
342 741 370 793 et
395 756 450 793 nen
469 739 551 806 paret
569 737 638 806 legi,
667 736 711 789 hic
739 742 807 807 γήση
821 742 853 790 τὰ
871 739 1125 804 παραπτώματα
1143 751 1196 785 σου.
1225 731 1315 794 lca:

137 847 207 884 non
232 827 473 895 colligatur,
494 825 712 892 donecpae-
739 823 1314 891 Πᾶςδὲὁἔχωντὴνάμφιβολίανμετὰτοῦ

137 914 336 969 nitentiam
357 914 465 981 agat,
484 914 513 965 et
525 929 581 966 non
594 910 711 980 recipia-
739 916 840 978 ἑταίρου
861 916 939 964 αὑτοῦ
958 914 998 978 μὴ
1024 911 1228 962 σονελθὲτιιι
1247 909 1314 974 ὑμῖν,

142 1004 197 1064 tur,
217 1018 260 1054 ne
284 998 527 1068 inquinetur
545 1001 574 1052 et
586 996 711 1066 inpedia·
738 996 1024 1067 ἕωςοῦδιαλλαγῶσιν,
1039 1001 1144 1064 ῖναμη
1163 995 1315 1060 αοιναιθῇ

137 1090 184 1141 tur
211 1085 345 1142 oratio
374 1087 519 1140 vestra.
738 1089 755 1152 ἡ
782 1088 884 1137 θυσία
914 1089 1008 1152 ὑμῶν.
1048 1086 1091 1148 15,
1111 1088 1141 1138 3:
1168 1088 1214 1135 καί
1236 1086 1316 1134 παντί

738 1175 892 1240 ἀστοχοῦντι
910 1177 979 1224 κατὰ
997 1179 1042 1225 τοῦ
1056 1176 1143 1238 ἑτέρου
1156 1175 1247 1238 μηδείς
1265 1173 1315 1222 λα-

737 1262 821 1324 λείτω,
842 1300 848 1311 .
869 1299 875 1312 .
894 1263 956 1324 ἕως
975 1258 1011 1313 οὗ
1030 1261 1234 1327 μετανοηση.

225 1366 301 1430 Plus
325 1371 430 1431 autem
455 1389 473 1429 a
496 1365 770 1449 Pseudocypriano
793 1365 949 1449 postulari
971 1389 1036 1429 non
1051 1368 1166 1448 potest,
1190 1386 1262 1428 cum
1278 1363 1315 1426 in

139 1472 304 1555 scripturis
333 1470 498 1535 laudandis
529 1470 658 1533 omnino
690 1492 754 1533 non
783 1471 825 1534 sit
857 1469 1001 1554 diligens
1048 1469 1135 1546 Quae
1166 1469 1251 1532 enim
1275 1491 1316 1531 ex

142 1575 234 1639 Pauli
258 1576 401 1658 epistulis
433 1576 472 1638 ad
496 1574 717 1655 Timotheum,
750 1576 847 1640 verba
869 1576 1033 1666 utriusque
1061 1576 1213 1659 epistulae
1236 1596 1314 1637 eon·

139 1682 275 1764 iungens
298 1680 405 1764 eisque
429 1680 491 1744 alia
514 1680 749 1758 intermissam,
781 1683 873 1744 etex
897 1680 968 1744 aliis
990 1680 1155 1764 scripturis
1181 1679 1314 1763 allegat,

143 1808 161 1848 a
184 1785 288 1849 verbis
312 1784 449 1868 apostoli
472 1788 709 1867 ceterorumque
727 1785 918 1868 scriptorum
934 1785 986 1848 vix
1001 1786 1106 1848 minus
1122 1785 1314 1867 discrepant,

143 1913 239 1974 quam
270 1890 367 1953 verba
397 1912 492 1972 supra
522 1889 620 1953 citata
651 1889 853 1955 aDoctrina.
900 1887 997 1953 Pauci
1024 1893 1150 1953 tantum
1173 1887 1233 1951 loci
1259 1909 1315 1950 ex·

140 1994 329 2058 scribantur.

307 2130 347 2183 De
365 2131 545 2187 aleatoribus.
775 2133 856 2185 Pauli
875 2150 937 2202 epp.
957 2132 993 2185 ad
1011 2131 1190 2186 Timotheum
1209 2129 1230 2181 Ι.
1249 2129 1284 2184 Π.

177 2238 201 2287 4.
227 2235 377 2302 Apostolus
395 2235 468 2290 idem
481 2237 584 2291 Paulus
596 2255 712 2293 comme·
775 2234 795 2300 I,
806 2239 830 2299 6,
841 2238 882 2290 20:
899 2234 931 2287 Ὦ
951 2238 1068 2304 Τιμόθεε,
1089 2239 1136 2302 τὴν
1152 2237 1316 2301 παραθήκην

140 2324 240 2386 morat,
256 2321 367 2389 quando
380 2322 417 2377 ad
425 2323 602 2379 Timotheum
616 2325 712 2379 docen—
740 2326 863 2388 φὺλαξον,
894 2324 980 2387 4,14:
1000 2327 1035 2390 μη
1055 2325 1146 2390 ἀμέλει
1166 2329 1213 2374 τοῦ
1231 2325 1259 2373 ἐν
1276 2326 1317 2373 σοί

141 2409 206 2461 dom
221 2451 227 2464 .
242 2449 246 2458 .
263 2407 370 2463 dicens:
390 2409 567 2466 0'l'imothee
577 2412 625 2478 fili,
640 2430 712 2467 com·
740 2416 906 2478 χαρίσματος,
920 2412 934 2462 ὃ
947 2414 1030 2478 ἐδόθη
1044 2428 1084 2462 σοι
1097 2413 1139 2463 διὰ
1152 2412 1315 2476 προφητείας

141 2496 305 2550 mendatum
324 2513 416 2558 serva;
443 2498 500 2552 noli
520 2516 647 2568 spernere
665 2499 713 2554 do·
726 2502 729 2550 l
741 2499 805 2564 μετὰ
823 2499 966 2561 ἐπιθέσεως
991 2504 1040 2549 τῶν
1058 2504 1150 2564 χειρῶν
1174 2501 1219 2547 τοῦ
1238 2513 1316 2561 πρεσ-

141 2600 215 2644 num,
230 2584 303 2651 quod
312 2585 342 2637 in
352 2587 380 2638 te
393 2588 436 2639 est
445 2603 495 2655 per
506 2585 711 2655 impositionem
727 2587 863 2679 γβυτερίου.
900 2585 932 2647 ΙΙ,
946 2586 972 2648 4,
990 2588 1005 2638 5
1024 2585 1069 2648 (cf.
1089 2585 1101 2636 Ι
1119 2583 1179 2639 Cor.
1199 2585 1240 2646 16,
1260 2583 1316 2652 13):

141 2687 275 2723 manuum
285 2671 438 2726 seniorum:
451 2673 595 2742 accingere
602 2673 714 2729 fortiter
727 2688 730 2753 γ
741 2675 770 2723 σὺ
789 2675 818 2724 δὲ
836 2677 904 2738 νῆφε
922 2676 949 2724 ἐν
966 2679 1051 2736 πᾶσιν,
1071 2672 1272 2736 αααοπάθησον,
1289 2708 1317 2722 ..

141 2759 170 2810 et
189 2756 309 2811 viriliter
328 2776 396 2827 age,
422 2759 607 2814 ministerium
634 2765 713 2815 tuum
741 2761 788 2824 τὴν
807 2763 940 2810 διακονίαν
959 2776 1006 2810 σου
1020 2761 1232 2824 πληροφόρησον·
1259 2755 1316 2818 1242

141 2863 203 2898 cum
221 2845 388 2915 integritate
410 2848 571 2916 persupple:
596 2850 655 2902 esto
673 2865 713 2901 ce·
743 2845 790 2898 12:
809 2849 899 2914 μηδείς
918 2862 963 2896 σου
981 2852 1028 2912 τῆς
1045 2851 1165 2913 νεότητος
1183 2861 1316 2909 καταφρο-

142 2932 208 2986 teris
226 2933 257 2985 in
275 2933 354 2988 bonis
367 2935 534 3004 exemplum.
563 2934 650 2989 Nemo
661 2935 712 2988 tibi
741 2937 824 2996 νείτω,
844 2935 915 2984 ἀλλὰ
931 2936 1010 2996 τὺπος
1029 2938 1102 3002 γίνου
1114 2940 1163 2986 τῶν
1177 2937 1274 2984 πιστῶν
1288 2935 1316 2982 ἐν

142 3019 327 3085 contradicat,
346 3034 427 3073 nemo
444 3020 621 3075 iuventutem
633 3024 713 3075 tuam
728 2982 822 3097 iltpp,
842 3024 869 3072 ἐν
889 3024 1039 3087 ἀναστροφῇ
1059 3023 1117 3072 ατλ.
1153 3023 1177 3083 5,
1191 3019 1236 3073 20:
1256 3023 1316 3083 τοὺς

141 3109 318 3160 contemnat:
338 3110 500 3175 peccantem
513 3125 606 3163 eoram
616 3109 714 3162 multis
742 3112 936 3174 ἁμαρτάνοντας
960 3112 1066 3162 ἐνώπιον
1089 3112 1190 3160 πάντων
1210 3110 1315 3174 ἔλεγχε,

143 3185 240 3261 argue,
258 3196 289 3246 ut
308 3196 337 3247 et
356 3195 442 3250 ceteri
461 3196 566 3249 metum
580 3196 713 3258 habeant,
741 3201 784 3248 ἵνα
800 3200 847 3248 καί
865 3201 889 3247 οί
908 3196 995 3247 λοιποί
1014 3200 1092 3260 φοβον
1105 3200 1209 3262 ἔχωσιν.
1231 3196 1257 3258 5,
1267 3195 1314 3246 22:

142 3282 212 3333 etne
220 3280 467 3334 communicaveris
474 3282 595 3350 peccatis
606 3282 713 3336 alienis.
742 3286 809 3350 μηδὲ
831 3285 950 3334 κοινώνει
968 3285 1104 3366 ἁμαρτίαις
1122 3285 1279 3348 ἀλλοτρίαις.

177 3402 202 3453 9.
223 3403 258 3454 Et
270 3402 412 3469 apostolus
423 3403 599 3456 beatissimus
609 3404 715 3458 Paulus
779 3405 856 3458 Rom.
871 3405 912 3467 12,
922 3405 952 3457 2:
978 3407 1032 3456 Kal
1043 3409 1078 3471 μη
1089 3407 1315 3473 σοοχηματίζεσθε

144 3487 594 3554 similiterdieitzVidetefratres,
609 3509 713 3545 necon·
741 3498 776 3557 τῷ
796 3495 868 3543 αἰῶνι
886 3495 978 3559 τοὺτῳ.
1015 3491 1068 3545 Iac
1090 3492 1118 3555 I,
1139 3493 1186 3545 27:
1205 3495 1315 3544 ἄσπιλον

142 3574 301 3643 figuremini
321 3574 504 3630 huicsaeculo
517 3577 546 3630 et
558 3577 667 3646 pompis
685 3580 714 3632 et
742 3582 833 3630 ἑαυτὸν
851 3586 936 3644 τηρεῖν
956 3582 1072 3630 ἀπὸτοῦ
1090 3583 1196 3646 κόσμου.

142 3660 248 3715 deliciis
262 3664 290 3714 et
306 3662 500 3731 voluptatibus
511 3662 576 3727 eius,
596 3663 644 3717 sed
653 3680 714 3718 con·

143 3748 231 3802 tinete
244 3765 292 3802 vos
313 3749 349 3802 ab
362 3748 436 3804 omni
450 3748 590 3803 iniustitia
603 3752 713 3806 saeculi.

178 3853 219 3906 10.
253 3852 289 3906 Et
316 3852 432 3907 Ioannes
460 3855 603 3922 apostolus
632 3855 729 3909 dicitzi
775 3856 896 3912 Iloann.
911 3857 935 3919 5,
951 3857 991 3912 18.
1003 3859 1051 3910 20:
1070 3861 1189 3925 Οίδαμεν,
1209 3862 1249 3911 ὅτι
1262 3866 1315 3923 πᾶς

144 3939 248 4002 Omnis,
266 3940 314 4009 qui
333 3941 441 4008 peccat,
462 3958 517 3995 non
536 3944 577 3996 est
596 3942 630 3995 de
648 3942 713 4006 Deo,
727 3914 755 4057 lo
774 3948 966 4012 γεγεννημένος
985 3948 1018 3996 ἐκ
1031 3951 1076 3996 τοῦ
1089 3948 1155 3996 θεοῦ
1169 3949 1218 4013 οὐχ
1232 3950 1313 4013 ἁμαρ-

145 4027 191 4081 sed
203 4026 237 4081 de
247 4025 360 4081 diabolo
371 4028 430 4079 est:
445 4028 473 4079 et
483 4027 566 4090 scitis,
581 4028 712 4096 quoniam
740 4034 811 4082 τάνει
830 4070 836 4082 .
856 4074 861 4085 .
883 4071 887 4082 .
917 4033 1027 4098 Οἴδαμεν
1046 4035 1083 4093 δέ,
1103 4034 1141 4083 ὅτι
1162 4036 1176 4082 ὁ
1195 4035 1248 4094 υἱὸς
1267 4040 1313 4085 τοῦ

143 4112 205 4168 ideo
225 4114 359 4168 venturus
379 4114 420 4165 est
439 4112 512 4166 filius
532 4113 589 4179 Dei,
610 4116 641 4167 ut
654 4131 714 4183 per·
741 4119 808 4169 θεοῦ
833 4120 893 4184 ἣκει
918 4123 965 4169 καί
982 4121 1095 4171 δέδωκεν
1113 4121 1173 4185 ἡμῖν
1191 4122 1313 4185 διάνοιαν,

144 4199 196 4252 dat
213 4199 285 4256 filios
304 4199 416 4254 diabolis
742 4207 784 4255 lvo
804 4207 970 4272 γινώσκομεν
989 4209 1034 4258 τὸν
1053 4208 1189 4275 ἀληθινὸν.
