2918 4890
139 286 248 352 Lvffl
587 282 867 339 Paonnconann.

143 444 225 509 nulli
247 445 346 509 etiam
368 444 511 509 Oenones
534 441 760 507 ecclesiasticos
776 443 861 527 typis
877 447 1109 528 expresserunt,
1133 467 1204 509 cnm
1220 444 1316 509 ineos

145 573 219 633 pars
242 550 417 634 scripturae
439 549 525 613 illius
548 546 636 630 prior
657 547 854 628 transiisset,
882 552 914 612 et
937 548 1063 632 quidem
1086 549 1145 614 Ph.
1163 549 1318 635 Bryan-

140 655 240 718 nius
263 654 391 737 repetiit
404 653 573 717 editionem
587 651 880 736 Hilgenfeldianam
898 652 1046 737 priorem,
1064 654 1102 719 Α.
1120 654 1203 719 Har
1213 655 1319 719 nack

143 760 331 824 lectionibus
355 759 498 824 codicum
523 779 709 842 graecorum
733 761 765 821 et
787 758 968 822 versionum
991 762 1132 824 veterum
1150 759 1321 844 diligenter

142 865 266 930 collatis
289 868 413 928 textum
436 864 539 927 denno
561 863 728 941 recensuit,
751 866 874 946 partem
897 862 999 927 libelli
1014 865 1147 929 alteram
1163 868 1319 949 tanquam

140 970 327 1053 fragmenta
362 968 589 1051 scripturarum
622 966 914 1050 antiquissimarum
945 967 1046 1048 idem,
1076 973 1114 1033 ut
1135 969 1199 1032 iam
1224 991 1322 1052 supra

141 1073 186 1159 (p.
211 1072 298 1156 LIV)
321 1074 468 1152 vidimus,
493 1073 719 1137 commentario
742 1071 938 1156 amplissimo
961 1074 1138 1153 adornavit,
1162 1074 1321 1157 huiusque

141 1183 265 1244 textum
296 1180 413 1243 recusit
436 1178 494 1243 Ph.
518 1177 677 1244 Sohaff.
722 1177 968 1242 Emendationes
1000 1178 1123 1262 aliquot
1153 1177 1320 1262 proposuit

142 1307 170 1348 a.
197 1283 281 1347 1876
304 1281 752 1348 Wilamovvitz·Moellendorf
773 1283 806 1345 in
827 1280 1035 1365 ephemeride,
1059 1281 1110 1346 cui
1133 1281 1248 1346 titulus
1272 1285 1320 1347 est

142 1388 286 1467 Hermes,
310 1392 334 1452 t.
358 1387 387 1451 X
410 1410 441 1472 p.
465 1388 527 1452 341
550 1409 596 1471 sq.
619 1391 686 1451 not.
713 1386 741 1451 1.
777 1416 780 1421 ·

229 1493 366 1558 Textnm
389 1493 492 1557 denuo
515 1514 677 1557 recensens
698 1496 824 1575 praeter
839 1493 959 1558 codices
975 1514 1115 1578 graecos,
1137 1494 1223 1558 inter
1239 1516 1319 1579 quos

143 1599 283 1683 primum
304 1596 409 1662 locum
426 1597 550 1661 obtinet
564 1594 830 1676 Vindobonensis,
855 1598 906 1662 cui
921 1599 982 1662 soli
996 1598 1140 1663 libellum
1155 1600 1319 1684 integrum

142 1704 308 1782 debemus,
342 1703 473 1767 adhibui
506 1703 694 1786 praesertim
717 1703 904 1768 Doctrinam
935 1704 1168 1788 apostolorum,
1201 1705 1320 1790 quippe

143 1830 224 1893 qnae
256 1809 298 1872 sit
329 1807 402 1871 fons
433 1810 534 1892 partis
564 1809 666 1874 libelli
699 1810 824 1892 prioris.
872 1808 999 1874 Contuli
1030 1810 1127 1874 etiam
1158 1812 1320 1877 versiones

142 1917 281 1993 veteres,
314 1935 395 1998 qnae
425 1915 587 1979 nonnullis
614 1915 727 1980 saltem
757 1915 833 1980 locis
865 1916 905 1980 ad
935 1915 1165 1979 emendandum
1194 1919 1320 1980 textum

145 2017 266 2100 aliquid
290 2018 507 2083 contribuunt.
553 2017 668 2084 Versio
689 2020 837 2084 thebaica
864 2024 969 2085 autem
997 2021 1173 2085 accuratius
1196 2021 1321 2086 consuli

145 2144 209 2186 non
232 2123 348 2207 potuit,
372 2146 444 2188 cnm
459 2124 602 2209 Lagarde
618 2147 688 2189 eam
703 2125 836 2190 ediderit
851 2125 1115 2210 interpretatione
1130 2125 1231 2189 latina
1254 2148 1320 2190 non

143 2227 266 2291 adiecta
288 2232 321 2292 et
343 2250 402 2314 ego
424 2229 553 2314 linguae
575 2230 716 2314 copticae
738 2230 870 2315 ignarus
890 2230 960 2295 sim.
999 2230 1139 2295 Libellus
1161 2230 1195 2294 in
1211 2231 1319 2314 capita

143 2331 234 2395 XXX
256 2332 369 2411 divisi,
400 2356 532 2417 sequens
559 2335 735 2398 versionem
757 2335 937 2400 thebaicam
967 2340 999 2400 et
1029 2335 1137 2419 plnres
1170 2336 1317 2416 editores,

142 2437 226 2501 inter
249 2459 328 2521 quos
344 2438 487 2523 Lagarde
503 2440 624 2524 primns
648 2444 705 2505 est.
744 2439 907 2506 Lectiones
923 2440 1037 2506 codicis
1051 2439 1318 2522 Vindobonensis,

143 2564 236 2625 quem
260 2565 343 2607 anno
361 2543 445 2607 1886
467 2545 534 2629 ipse
550 2546 673 2610 excussi
689 2568 725 2610 ac
741 2545 866 2630 signavi
882 2544 924 2625 V,
947 2549 1072 2630 praeter
1087 2546 1203 2610 menda
1218 2546 1318 2630 scrip·

143 2651 233 2712 turae
255 2670 364 2714 omnes
379 2653 509 2716 notatae
525 2655 609 2717 sunt.
642 2651 805 2716 Lectiones
822 2656 928 2716 antem
948 2651 1091 2716 codicum
1109 2648 1319 2715 Ottoboniani

144 2751 200 2837 (Ο)
224 2757 255 2817 et
277 2754 477 2838 Mosquensis
494 2754 555 2839 (M)
579 2776 643 2819 non
666 2777 774 2820 omnes
796 2756 973 2839 exscriptae
995 2759 1079 2834 sunt,
1105 2756 1158 2819 sed
1175 2777 1230 2819 eae
1244 2759 1317 2820 tan·

143 2861 223 2937 tum,
247 2881 327 2942 quae
349 2859 478 2923 maioris
502 2859 655 2922 momenti
675 2881 743 2923 esse
766 2858 915 2923 videntur
938 2861 987 2925 vel
1010 2861 1167 2925 aduobus
1183 2860 1318 2925 testibus

142 2963 323 3027 traduntur.
362 2961 532 3028 Versiones
552 2964 722 3048 signantur
739 2964 918 3049 aethiopica
934 2966 973 3046 A,
998 2967 1121 3050 coptica
1136 2965 1171 3045 O,
1194 2966 1318 3050 syriaca

143 3066 175 3144 S,
202 3067 348 3132 thebaica
371 3068 417 3146 T,
449 3068 604 3134 Doctrina
634 3070 849 3152 apostolorum
872 3071 912 3136 D.
951 3071 1038 3147 Quae
1064 3075 1174 3135 auctor
1196 3094 1235 3137 ex
1257 3071 1318 3135 hac

143 3172 301 3255 scriptura
324 3174 507 3259 desumpsit,
531 3199 567 3240 ea
590 3176 827 3241 characteribus
850 3177 1027 3241 minoribus
1049 3176 1198 3258 expressi.

657 3386 812 3394 ——-——

365 3555 755 3626 CONSTITUTIONUM
779 3555 1099 3624 APOSTOLORUM

616 3729 747 3796 LIBER
770 3729 843 3796 VII.

231 3905 381 3982 Quaestio
412 3905 450 3969 de
477 3909 549 3969 ortu
578 3904 849 3971 Constitutionnm
881 3904 1097 3987 apostolorum
1129 3905 1320 3972 difficillima

143 4012 282 4076 hicnon
306 4010 434 4075 uberius
457 4014 506 4075 est
527 4011 703 4075 tractanda.
750 4008 855 4073 Pauca
876 4012 1004 4073 tantum
1027 4014 1236 4093 exponantur.

230 4115 319 4179 Libri
352 4138 405 4179 sex
435 4115 555 4198 priores
584 4115 618 4178 in
641 4115 763 4179 duabus
786 4113 1019 4178 recensionibns
1048 4115 1208 4198 leguntur.
1254 4115 1318 4182 Re·

144 4221 250 4286 censio
273 4220 398 4287 brevior
423 4221 567 4287 versione
589 4223 716 4286 tantum
739 4218 862 4303 syriaca
884 4217 1032 4299 traditur,
1056 4240 1152 4304 quam
1174 4219 1318 4305 Lagarde
