2918 4890
180 307 285 379 LXVI
624 306 910 368 raonaooncm.

183 474 412 537 sententiarum
423 495 552 555 prorsus
565 472 804 554 deturbaverit),
820 474 1010 557 particulam
1028 474 1178 539 mandato
1194 497 1258 539 non
1277 471 1366 538 occi-

186 578 279 642 dendi
308 577 463 661 incipiant
493 582 524 641 et
550 579 701 642 mandato
731 578 804 642 falsi
837 581 1011 644 testimonii
1042 603 1106 644 non
1138 580 1233 645 dandi
1255 581 1367 644 locum

184 683 384 746 undecimum
411 682 605 762 attribuant,
634 683 766 747 Latinus
797 684 877 748 illud
903 685 1088 748 mandatum
1111 686 1268 764 secundo,
1302 684 1368 749 hoc

184 787 280 850 tertio
303 787 372 850 loco
397 787 505 870 ponit,
538 789 700 852 exordium
723 794 891 873 praecepto
921 812 985 853 non
1009 790 1208 854 adulterandi
1230 789 1366 854 faciens.

184 891 331 974 Denique
354 891 439 974 apud
453 890 603 955 Latinum
626 893 734 977 aliqua
757 894 854 957 verba
876 894 998 971 desunt,
1023 915 1103 976 quae
1119 895 1202 977 apud
1220 894 1364 978 reliquos

185 999 281 1059 testes
306 996 361 1077 (sc.
387 997 423 1057 οὐ
447 994 591 1070 κλέπτεις
615 999 644 1074 2,
662 998 696 1079 2)
726 998 776 1060 vel
806 997 920 1060 saltem
947 998 980 1060 in
1004 997 1109 1062 codice
1132 996 1364 1063 Constantino-

185 1099 330 1181 politano
355 1099 454 1182 (ἀλλὰ
478 1097 714 1184 μεμεστωμένος
737 1098 848 1181 πράξει
871 1102 901 1179 2,
926 1102 960 1185 5)
992 1100 1151 1185 leguntur.
1197 1100 1364 1186 Interpres

186 1203 304 1286 igitur,
328 1227 400 1269 cum
423 1229 441 1269 a
464 1206 599 1270 testibus
623 1205 734 1269 ceteris
757 1205 904 1269 omnibus
927 1210 1094 1289 tantopere
1116 1206 1273 1287 discedat,
1308 1207 1365 1270 vix

188 1309 347 1392 exemplar
369 1332 518 1395 graecum
541 1309 677 1373 fideliter
691 1310 893 1374 transtulisse
908 1311 1067 1393 putandus
1084 1315 1141 1390 est,
1165 1311 1219 1376 sed
1234 1312 1364 1394 potiore

188 1412 256 1476 iure
278 1419 325 1476 est
349 1414 607 1493 concludendum,
632 1435 703 1477 eum
726 1415 902 1478 versionem
926 1414 972 1477 ita
994 1413 1175 1494 confecisse,
1199 1419 1235 1479 ut
1256 1437 1366 1479 exem-

188 1518 270 1601 plari
301 1539 413 1602 graeco
445 1517 600 1582 nonnulla
628 1540 682 1581 seu
706 1518 743 1581 de
766 1539 823 1581 suo
847 1539 901 1581 seu
925 1518 962 1580 de
986 1517 1094 1601 aliqua
1117 1518 1180 1582 alia
1204 1519 1365 1603 scriptura

190 1622 326 1702 adderet,
350 1621 503 1686 nonnulla
518 1624 658 1685 mutaret
675 1621 725 1685 vel
740 1622 911 1685 omitteret.
945 1619 1035 1684 Alias
1051 1623 1255 1695 statuendum
1271 1629 1366 1704 esset,

193 1727 272 1790 illud
290 1726 450 1810 exemplar
465 1749 529 1789 una
544 1748 615 1789 cum
628 1725 758 1809 reliquis
772 1725 909 1789 eiusdem
925 1727 1114 1791 recensionis
1131 1729 1367 1813 exemplaribus

191 1833 335 1916 deinceps
359 1837 414 1896 aut
430 1833 519 1896 brevi
535 1832 703 1915 deperiisse
726 1835 782 1895 aut
799 1832 838 1895 ab
855 1831 1002 1895 omnibus
1018 1832 1198 1916 neglectum
1215 1833 1314 1897 fuisse
1328 1832 1366 1915 ²).

279 1937 434 2002 Warfield
448 1935 473 2020 ⁸)
499 1937 624 2020 quidem
649 1937 741 2000 aliter
764 1937 862 2000 sentit
885 1938 934 2000 vel
956 1940 1071 2015 censet,
1094 1937 1243 2000 Latinum
1266 1959 1333 2002 non
1350 1961 1370 2002 a

194 2043 343 2108 Bernaba
367 2042 488 2126 aliquid
511 2064 578 2105 esse
601 2045 801 2120 mutuatum,
826 2041 878 2105 sed
902 2042 1008 2124 potius
1032 2041 1135 2120 ambo,
1158 2042 1369 2126 interpretem

192 2153 223 2212 et
234 2148 425 2226 Barnabam,
442 2147 621 2210 recensione
636 2146 808 2210 Doctrinae
824 2146 1039 2229 apostolorum
1055 2146 1229 2210 vetustiore
1244 2146 1368 2229 pariter

193 2274 266 2316 usos
292 2273 377 2331 esse,
402 2255 432 2314 et
455 2250 528 2314 inde
551 2250 768 2334 proficiscens,
801 2251 884 2334 quod
908 2251 987 2314 alias
1010 2250 1173 2314 exordium
1195 2249 1371 2316 Doctrinae
1435 2240 1441 2252 ⁸

163 2441 165 2443 Ι
192 2357 310 2420 latinae
332 2355 382 2420 vel
405 2356 519 2419 verba:
543 2357 578 2419 io
597 2356 647 2419 bis
670 2357 824 2419 constituti
838 2361 912 2419 sant
927 2356 1030 2438 capeti
1053 2355 1131 2434 duo,
1155 2376 1238 2419 1111113
1260 2358 1370 2437 acqui-

192 2462 272 2539 tatac,
296 2460 375 2524 alter
396 2460 587 2542 iniquitate,
615 2481 679 2524 non
702 2462 804 2524 solum
827 2483 846 2524 a
870 2460 1018 2523 Bernaba
1041 2459 1107 2544 (18,
1127 2457 1169 2544 1),
1194 2460 1248 2523 sed
1272 2461 1371 2525 etiam

194 2588 213 2629 a
235 2563 367 2628 Pastore
383 2563 521 2629 Hermae
545 2563 838 2648 (Mand.V1,2,1)
862 2566 997 2649 pendere
1020 2565 1162 2648 putanda
1184 2569 1305 2645 essent,
1329 2567 1372 2630 ad

194 2670 385 2734 sententiam
413 2671 503 2734 illam
538 2671 768 2754 reprobandam
801 2671 848 2734 ita
877 2673 1137 2754 argumentatur:
1172 2670 1235 2733 nisi
1266 2674 1373 2734 statu-

195 2777 321 2851 erimus,
338 2775 488 2839 Latinum
504 2779 536 2839 et
552 2774 736 2838 Barnabam
749 2798 766 2839 e
781 2774 941 2839 communi
956 2774 1046 2838 fonte
1062 2773 1204 2839 hausisse
1219 2776 1374 2841 vetustis-

195 2882 293 2957 simo,
324 2881 416 2944 nobis
446 2880 628 2963 ponendum
657 2901 740 2944 esse:
775 2879 807 2963 1)
830 2877 982 2943 Hermam
1015 2878 1120 2942 locum
1147 2881 1374 2963 composuisse,

196 2986 377 3050 Barnabam
400 2985 584 3049 deturbasse
607 2988 638 3048 et
653 2983 805 3049 Latinum
821 2986 924 3068 (casu)
950 2984 990 3047 ab
1007 2984 1102 3048 huius
1117 2985 1221 3049 forma
1235 2985 1269 3048 in
1285 2986 1374 3052 illius

197 3091 334 3155 formam
358 3090 533 3173 redegisse;
558 3091 592 3173 2)
616 3090 797 3153 Barnabam
820 3089 924 3152 locum
949 3088 1119 3171 scripsisse,
1142 3086 1293 3154 Latinum
1315 3115 1375 3156 au-

197 3199 262 3258 tem
285 3197 317 3257 et
339 3193 502 3274 Hermam,
527 3194 661 3258 alterum
685 3195 724 3257 ab
748 3194 848 3257 altero
871 3215 936 3256 non
960 3193 1157 3276 pendentem,
1181 3195 1258 3260 adeo
1282 3197 1374 3261 simi-

195 3299 270 3362 liter
292 3303 448 3374 mutasse3
481 3299 515 3380 3)
539 3297 719 3363 Barnabam
744 3302 776 3361 et
798 3298 949 3362 latinum
971 3297 1107 3362 invicem
1129 3321 1162 3362 se
1185 3321 1249 3364 non
1272 3303 1375 3386 respi-

197 3404 315 3467 cientes
345 3401 385 3465 ab
410 3400 530 3466 Herma
562 3403 648 3467 velut
677 3407 805 3467 auctore
836 3402 897 3466 loci
927 3403 1069 3487 principe
1099 3407 1261 3470 mutuatos
1285 3429 1375 3486 esse;

198 3508 232 3591 4)
256 3506 406 3571 Latinum
428 3529 446 3569 a
464 3506 612 3570 Barnaba
636 3511 731 3590 atque
747 3504 901 3570 Hermam
917 3529 935 3569 a
950 3506 1064 3570 Latino
1086 3508 1239 3591 pendere;
1264 3533 1376 3577 omnes

199 3635 272 3679 vero
295 3612 353 3676 has
369 3612 541 3676 solutiones
565 3612 740 3696 aequaliter
762 3635 780 3675 a
803 3612 869 3676 veri
885 3611 1094 3676 similitudine
1110 3611 1289 3680 abhorrere.
1329 3616 1377 3682 At

198 3749 407 3759 ——-—-———-

269 3821 296 3890 2)
315 3803 449 3874 Latinam¹
466 3819 615 3876 Barnabae
639 3820 789 3891 epistulam
813 3821 964 3892 respexisse
989 3822 1077 3876 etiam
1100 3822 1145 3876 Mc
1164 3822 1264 3878 Giffert
1288 3824 1377 3880 sentit

199 3910 230 3963 in
251 3906 449 3963 1111111111
468 3907 572 3962 Reciew
590 3909 624 3973 V,
642 3909 782 3963 430--442
802 3909 835 3963 cf.
854 3908 905 3972 VI,
925 3910 966 3964 84.

269 3999 296 4064 3)
316 3993 490 4048 Bibliotheca
516 4012 596 4050 sacra
622 3996 689 4048 1886
714 4014 740 4064 p.
762 3997 820 4050 loo.
860 3995 915 4049 The
932 3995 1058 4049 nadaver
1085 3996 1190 4050 1111111111
1206 3997 1259 4060 Vl,
1286 3998 1320 4052 85
1336 4016 1376 4068 sq.

201 4084 242 4138 cf.
263 4085 383 4137 stemma
401 4100 487 4151 supra
497 4102 523 4153 p.
537 4081 642 4135 XXVII
661 4084 843 4152 propositum.
875 4083 907 4136 ln
925 4085 1053 4137 tractatu
1066 4084 1165 4153 priore,
1184 4102 1267 4153 quem
1281 4083 1375 4141 Schaff

201 4170 231 4222 in
251 4187 301 4224 sua
315 4167 463 4223 Doctrinae
483 4170 605 4224 editione
624 4188 650 4238 p.
665 4170 803 4224 220-225
822 4168 948 4233 inseruit,
969 4170 1104 4224 Warfield
1125 4173 1233 4225 textum
1253 4172 1375 4228 latinum

205 4255 291 4311 etiam
311 4255 459 4311 Barnabae
476 4257 583 4313 fontem
603 4274 660 4311 esse
679 4256 824 4313 iudicavit.
