2918 4890
353 350 541 405 nocherus
561 348 749 405 DUODEOIM
766 347 1039 404 APOSTOLORUM.
1210 350 1283 417 XLI

103 511 234 594 ἀγαπᾶν
258 532 364 575 vocem
388 509 545 594 νηστεύειν
569 510 764 574 substituens
787 509 907 573 ascesin
929 509 1090 574 ieiunandi
1109 511 1211 573 instar
1225 508 1280 574 Iu-

102 618 256 681 daeorum
286 616 431 680 aestimet
461 615 601 679 maximi.
647 611 758 696 Neque
788 614 925 678 formula
956 617 1057 696 μαρὰν
1082 614 1149 676 ἀθά
1181 615 1231 692 10,
1259 616 1279 677 6

104 720 160 784 hic
183 721 466 805 praetermittenda
489 723 545 785 est.
586 721 674 796 Quae
697 718 851 782 vocabula
867 720 1023 783 aramaica
1045 719 1169 783 facilius
1186 718 1279 783 Chri-

107 826 215 890 stiano
238 849 256 890 e
279 825 403 890 ludaeis
427 848 523 908 quam
547 824 752 908 egentilibus
772 824 906 887 attribui
922 827 1065 907 possunt,
1089 828 1120 886 et
1136 824 1162 886 si
1178 825 1281 888 oratic

105 929 328 1009 eucharistica,
345 930 434 994 ouius
450 930 682 994 conclusionem
698 928 830 1006 faciunt,
855 928 988 992 fortasse
1007 950 1070 992 non
1086 929 1128 992 sit
1144 929 1281 992 auctoris

107 1034 286 1118 scripturae
308 1035 417 1118 ipsius,
441 1039 546 1098 tamen
572 1055 675 1117 aquo
698 1033 755 1096 illa
778 1033 953 1115 composita
975 1033 1072 1096 luerit
1094 1032 1243 1097 indicant.

195 1137 252 1203 Sin
277 1143 387 1203 auctor
410 1141 517 1202 autem
541 1137 741 1202 Christianus
765 1161 781 1201 e
800 1137 1036 1202 circumcisione
1059 1141 1136 1215 erat,
1160 1159 1280 1220 nequa-

105 1267 203 1328 quam
224 1246 327 1308 totam
340 1243 442 1328 legem
468 1244 628 1308 observari
645 1243 755 1307 voluit.
795 1242 927 1307 Minime
942 1244 1026 1307 enim
1043 1247 1090 1306 est
1103 1242 1282 1321 verisimile,¹

106 1350 212 1415 verbis
236 1349 330 1432 ζυγὸς
351 1357 406 1412 τοῦ
422 1349 532 1432 κυρίου
549 1350 578 1428 6,
596 1350 614 1411 2
639 1350 741 1434 legem
757 1347 883 1413 Veteris
899 1348 1095 1413 Testamenti
1111 1347 1280 1430 designari.

107 1455 277 1519 Praeterea
300 1454 338 1518 de
361 1454 597 1518 circumcisione
613 1475 742 1536 prorsus
758 1457 851 1517 tacet.
892 1451 941 1516 Nc
963 1455 1131 1534 praecepta
1153 1450 1279 1534 quidem

105 1562 147 1625 ad
166 1560 253 1624 cibos
276 1561 469 1644 pertinentia
499 1559 629 1623 omnino
656 1557 810 1622 servanda
833 1580 898 1622 esse
921 1557 1006 1620 dicit.
1053 1553 1161 1620 Unum
1177 1555 1279 1618 solum

105 1687 213 1731 severe
228 1665 392 1748 praecipit,
409 1665 529 1728 scilicet
545 1667 582 1726 ut
590 1661 764 1726 Christiani
780 1663 820 1726 ab
836 1661 1024 1745 idolothytis
1041 1681 1073 1724 se
1086 1660 1279 1726 abstineant.

104 1770 154 1834 De
177 1769 299 1852 reliquo
322 1772 440 1848 monet,
464 1772 500 1831 ut
522 1767 652 1846 faciant,
677 1768 830 1850 quidquid
853 1767 985 1851 possint.

194 1874 281 1949 Quae
312 1896 382 1938 curn
411 1875 458 1937 ita
492 1876 574 1950 sint,
611 1873 754 1955 quaestio
785 1872 869 1935 haud
900 1872 1008 1956 magni
1038 1869 1189 1933 momenti
1222 1873 1278 1932 est.

107 1978 309 2044 Christianus
333 2002 349 2043 e
371 1977 509 2057 Iudaeis,
534 1977 637 2062 qualis
661 1983 771 2041 auctor
793 1976 866 2056 fuit,
891 2000 909 2040 a
931 1976 1112 2040 Christiano
1135 1997 1152 2038 e
1174 1972 1279 2056 genti-

104 2084 189 2148 libus
215 2082 369 2168 (vulgari)
394 2083 538 2166 paullum
561 2081 736 2160 differebat,
760 2083 945 2166 praesertim
968 2104 1040 2145 cum
1063 2080 1102 2144 ab
1127 2078 1279 2161 apostolis

106 2187 338 2272 Hierosolymis
360 2188 563 2272 congregatis
586 2187 683 2250 etiam
700 2187 889 2251 Christianis
905 2210 921 2251 e
936 2185 1110 2271 gentilibus
1125 2182 1280 2247 nonnulla

106 2296 274 2376 praecepta
297 2290 423 2356 Veteris
446 2291 642 2356 Testamenti
665 2292 704 2355 ad
727 2292 813 2356 cibos
837 2293 1014 2376 spectantia
1038 2291 1111 2354 data
1134 2291 1246 2353 essent.

667 2482 713 2536 IX.

193 2605 273 2670 (lum
303 2611 414 2671 auctor
445 2607 479 2670 id
508 2611 634 2691 ageret,
667 2611 703 2671 ut
736 2608 912 2673 doctrinam
935 2609 1066 2673 Domini
1099 2607 1280 2688 exponeret,

105 2711 136 2777 S.
162 2710 410 2796 Scriptura
432 2713 462 2775 ei
485 2716 637 2796 tanquam
669 2712 741 2776 fons
773 2713 951 2777 adhibenda
974 2717 1050 2777 erat.
1097 2710 1218 2774 Revera
1241 2730 1279 2772 ex

105 2816 166 2880 hac
188 2816 328 2900 plurima
348 2817 554 2901 deprompsit,
578 2840 771 2900 quamquam
787 2840 856 2882 eam
872 2841 936 2881 non
952 2840 1074 2901 semper
1089 2816 1279 2880 verbotenus

105 2925 231 2985 secutus
254 2925 320 3000 est,
350 2922 404 2986 sed
429 2921 546 2993 multos
570 2923 655 2987 locos
679 2923 809 2987 liberius
833 2923 977 2987 reddidit.
1024 2920 1129 2985 Ooties
1161 2919 1209 2983 vel
1234 2918 1279 2980 di-

104 3026 221 3090 stincte
236 3025 322 3105 dicit,
339 3048 372 3090 se
388 3027 484 3090 verba
500 3025 531 3091 S.
548 3025 730 3111 Scripturae
745 3051 930 3111 proponere,
954 3030 1003 3092 vel
1019 3027 1131 3090 saltem
1148 3025 1278 3088 lectores

106 3129 146 3193 ad
169 3127 200 3193 S.
225 3128 422 3213 Scripturam
447 3134 582 3194 revocat.
627 3130 700 3195 Duo
722 3132 783 3196 loci
807 3134 872 3214 (14,
890 3135 925 3210 3;
952 3132 1001 3210 16,
1016 3130 1048 3215 7)
1072 3129 1198 3193 Veteris
1218 3127 1279 3192 Te·

104 3233 256 3298 stamenti
278 3238 369 3310 sunt,
398 3235 627 3317 prophetarum
652 3234 828 3301 Malachiae
851 3242 882 3301 et
904 3235 1084 3302 Zachariae.
1133 3236 1280 3317 Quinque

104 3338 165 3403 loci
187 3336 274 3403 Novi
289 3337 487 3403 Testamenti
511 3344 595 3419 sunt,
619 3345 652 3404 et
676 3341 801 3424 quidem
818 3346 867 3406 ter
884 3341 950 3424 (11,
968 3344 1006 3418 3;
1033 3342 1082 3419 15,
1100 3343 1129 3405 3.
1147 3341 1181 3423 4)
1206 3361 1280 3402 auc·

103 3446 155 3506 tor
176 3441 217 3506 ad
231 3441 445 3521 Evangelium
460 3443 492 3505 in
510 3443 690 3507 universum
708 3449 835 3508 revocat
850 3468 907 3510 nec
923 3446 1026 3509 locum
1043 3445 1196 3509 biblicum
1211 3466 1279 3507 cer-

79 3540 173 3609 ¹tum
191 3544 341 3622 afferens3
359 3551 481 3629 quarto
504 3547 574 3611 loco
599 3547 643 3632 (8,
661 3549 696 3628 2)
720 3551 896 3615 orationem
920 3550 1109 3614 dominicam
1132 3549 1220 3613 velut
1242 3571 1280 3612 ex

106 3649 285 3734 Evangelio
308 3650 528 3734 depromptam
552 3652 695 3730 exhibet;
728 3655 841 3737 quinto
864 3656 933 3720 loco
958 3654 1002 3737 (9,
1019 3656 1052 3738 5)
1077 3655 1195 3718 dictum
1215 3654 1280 3717 Do·

104 3753 184 3817 mini
206 3752 324 3818 Matth.
349 3754 416 3833 7,6
441 3756 570 3839 allegat.
609 3755 783 3841 Scriptura,
808 3782 904 3843 equa
926 3760 1012 3824 locus
1031 3764 1161 3824 octavus
1185 3760 1279 3838 (1,(1)

105 3858 311 3943 depromptus
334 3864 399 3939 est,
435 3862 473 3925 ad
497 3884 554 3925 nos
578 3885 642 3927 non
666 3864 820 3946 pervenit.
866 3863 941 3928 Non
964 3865 1066 3928 solum
1091 3868 1196 3928 autem
1219 3864 1281 3927 loci

105 3961 190 4028 Novi
214 3962 427 4042 Testamenti,
460 3967 513 4030 sed
537 3968 633 4031 etiam
657 3969 752 4032 verba
775 3967 952 4033 Malachiae
984 3975 1136 4054 tauquam
1161 3969 1279 4033 dictum

104 4066 234 4132 Domini
257 4067 459 4136 inducuntur.

192 4170 267 4235 Alia
290 4177 403 4237 auctor
425 4196 463 4238 ex
487 4175 517 4240 S.
543 4175 706 4260 Scriptura
726 4177 849 4256 hausit,
882 4179 958 4261 quin
982 4200 1014 4242 se
1037 4199 1101 4241 non
1124 4201 1196 4256 sua,
1227 4177 1280 4242 sed

105 4276 211 4341 aliena
233 4276 359 4342 tradere
381 4277 546 4358 indicaret,
571 4281 664 4345 modo
688 4282 877 4346 sententiam
903 4287 1044 4363 tantum,
1067 4284 1161 4347 modo
1184 4282 1280 4347 etiam
