2918 4890
379 329 568 386 nuonncnl
587 330 853 387 APOSTOLORUM
871 332 906 398 V,
927 333 1024 399 l-VI,
1044 336 1068 392 2.
1261 339 1310 402 ,19

223 489 264 555 V.
299 489 414 555 Mortis
441 512 516 555 vero
539 490 591 555 via
612 490 690 555 haec
713 495 778 557 est:
814 493 954 576 primum
985 495 1126 558 omnium
1155 495 1241 560 mala
1263 501 1311 561 est

134 617 171 660 ac
186 595 418 660 maledictionis
435 596 545 679 plena:
574 596 688 676 raedae,
712 596 876 677 adulterio,
900 598 1182 682 concupiscentiae,
1198 601 1309 684 forat·

134 704 284 781 cotioaeo,
304 701 413 784 famo,
446 701 664 780 idololatriae,
689 702 830 786 magiae,
854 703 1022 787 veneficia,
1046 704 1191 786 rapinae,
1215 705 1310 787 falso

133 809 324 887 testimonia,
349 806 584 885 simulationes,
608 828 662 870 cor
684 807 816 891 duplex,
850 808 955 888 dolce,
985 809 1146 890 soperbia,
1177 811 1308 890 molitio,

135 913 331 998 arrogantia,
353 913 506 992 avaritia,
531 912 779 997 turpiloquium,
809 913 946 992 invidia,
978 912 1164 992 insolentia,
1196 917 1336 994 lastus,a

135 1019 316 1097 ostentatio;
340 1019 369 1081 2.
394 1018 551 1081 bonorum
574 1022 802 1102 persecutores,
835 1040 940 1083 osores
962 1018 1122 1098 veritatis,
1154 1024 1310 1084 amatores

133 1122 300 1201 mendacii,
324 1144 388 1186 non
412 1125 638 1206 cognoscentes
661 1123 835 1187 mercedem
857 1123 1008 1202 iustitiae,
1032 1145 1095 1187 non
1112 1123 1311 1189 adhaerentes

135 1227 213 1290 torto
236 1248 340 1311 neque
361 1226 479 1290 iudicio
501 1226 596 1304 iust0,
620 1227 792 1312 vigilantes
814 1250 878 1292 non
902 1229 940 1292 ad
965 1228 1093 1307 bonum,
1117 1230 1170 1293 sed
1187 1230 1226 1293 ad
1242 1253 1310 1294 ma-

135 1330 214 1412 lurn,
238 1353 257 1395 a
279 1331 395 1415 quibus
417 1330 517 1415 longe
534 1331 623 1394 abest
639 1332 849 1396 mansuetudo
872 1336 903 1397 et
918 1333 1084 1415 patientia,
1107 1334 1163 1417 qui
1177 1334 1312 1417 ditipant

133 1437 262 1516 iocata,
291 1440 453 1501 sectantur
475 1437 763 1517 remunerationem,
795 1460 859 1502 non
883 1438 1072 1503 miserentur
1093 1439 1215 1522 inopis,
1245 1463 1310 1505 non
1324 1462 1348 1497 1⁰

134 1542 286 1607 laborant
309 1541 347 1606 de
370 1540 502 1621 afflicto,
527 1563 592 1605 non
614 1547 839 1626 cognoscentes
862 1548 1037 1609 creatorem
1058 1567 1169 1624 suum,
1201 1545 1309 1610 litero-

134 1669 208 1712 rum
230 1649 476 1728 interemptores,
510 1647 544 1710 in
568 1647 733 1712 abortione
766 1652 1002 1732 corrumpentes
1034 1652 1211 1713 creaturam
1239 1650 1309 1729 Dei,

137 1755 318 1817 aversantes
351 1772 503 1836 egenum,
537 1752 751 1836 opprimentes
784 1753 956 1832 afflictum,
988 1753 1123 1818 divitum
1155 1754 1309 1833 advocati,

137 1878 313 1941 pauperum
335 1856 439 1940 iniqui
453 1857 582 1937 indicae,
606 1858 753 1922 omnibus
768 1859 904 1942 pcccatis
920 1858 1096 1942 inquinati;
1120 1857 1309 1938 liberemini,

135 1962 204 2043 filii,
229 1961 269 2026 ab
292 1960 342 2025 his
365 1962 520 2028 omnibus.
922 1952 925 1958 ’
1324 1985 1349 2021 ra

227 2065 286 2132 VI.
321 2063 413 2147 Vide,
436 2089 476 2131 nc
499 2067 569 2152 quis
592 2071 624 2132 te
647 2068 784 2132 abducat
806 2068 846 2133 ab
868 2068 929 2132 hac
951 2068 1003 2132 via
1025 2068 1206 2147 doctrinae,
1230 2092 1309 2154 quo-

138 2173 226 2236 niam
249 2175 374 2255 praeter
397 2171 499 2236 Deum
521 2176 553 2236 te
575 2173 674 2238 docet.
722 2175 752 2236 2.
777 2171 811 2238 Si
834 2174 918 2237 enim
933 2175 1037 2236 totum
1052 2173 1165 2256 iugum
1180 2172 1311 2236 Domini

138 2281 268 2361 portare
290 2279 390 2360 potes,
413 2276 572 2360 perfectus
595 2277 675 2354 eris;
699 2277 726 2341 si
749 2299 824 2342 vero
841 2299 904 2341 non
923 2279 1023 2360 potes,
1046 2276 1145 2341 facias
1160 2277 1203 2357 id,
1227 2278 1311 2362 quod

136 2479 170 2490 -
193 2448 341 2522 protelare
364 2447 435 2517 act]
464 2449 504 2502 ef.
522 2449 587 2517 Sap.
613 2449 642 2512 2,
663 2450 710 2503 19:
738 2449 853 2518 quidam
873 2449 1025 2504 Christiani
1052 2467 1085 2504 ax
1105 2449 1312 2504 circumcisione

134 2540 182 2594 καὶ
206 2534 317 2610 ῥύσεται
341 2534 427 2592 αὐτὸν
453 2537 543 2604 (θεὸς)
567 2534 598 2593 ἐκ
618 2538 711 2611 χειρὸς
738 2536 905 2591 Christianis
917 2536 1097 2593 Antiochenis
1108 2536 1251 2606 imponere
1264 2555 1311 2593 vo·

133 2622 358 2695 ἀνθεστηκότων.
738 2624 844 2678 lebant.
879 2623 983 2677 Matth.
1004 2625 1052 2687 11,
1071 2626 1111 2678 29.
1133 2626 1166 2679 30
1186 2623 1311 2678 Christus

171 2711 217 2774 VI,
238 2713 262 2765 1.
291 2710 395 2766 Auctor
405 2708 546 2764 Nicacnae
556 2710 619 2765 fidei
630 2711 711 2780 (Mig·
739 2711 895 2766 doctrinam
914 2710 958 2765 vel
976 2713 1126 2780 praecepta
1145 2728 1196 2764 sua
1213 2711 1311 2780 iugum

136 2816 178 2866 nc,
198 2799 227 2852 Ρ.
249 2799 295 2853 Gr.
314 2801 335 2853 t.
355 2797 389 2851 28
407 2816 433 2867 p.
455 2799 533 2868 1639)
551 2801 615 2867 post
633 2815 710 2852 man·
738 2799 866 2867 appellat
891 2799 975 2867 idque
992 2799 1076 2871 ζυγὸν
1092 2799 1237 2871 χρηστόν..
1254 2798 1312 2853 Hoc

135 2886 205 2941 data
224 2884 373 2942 Doctrinae
394 2887 417 2948 2,
436 2884 490 2939 2.3
509 2901 542 2939 ac
559 2886 711 2953 praccepta
738 2886 798 2942 loco
816 2903 869 2940 vox
887 2885 983 2956 ζυγός,
1008 2886 1041 2937 ut
1064 2901 1200 2939 connexus
1223 2885 1310 2949 docet,

134 2973 174 3028 sis
194 2972 308 3026 addita:
330 2970 364 3028 ot
381 2976 636 3044 διχοστατήσωμεν,
660 2969 710 3028 ἀπ-
738 2974 888 3041 praecepta
906 2975 1007 3026 cuncta
1025 2971 1179 3041 significat,
1198 2971 1233 3027 dc
1250 2973 1311 3041 qui-

136 3059 269 3132 εχώμεθα
299 3067 416 3116 πνικτοῦ
449 3063 495 3116 καὶ
521 3055 639 3128 αἵματος
664 3063 711 3116 καὶ
739 3058 789 3111 bus
807 3059 838 3111 in
856 3061 937 3127 parte
952 3058 1134 3113 antecedente
1152 3075 1243 3115 serrno
1261 3064 1310 3124 est,

135 3148 304 3216 πλεονεξίας,
317 3147 390 3200 huuc
404 3164 515 3201 versum
528 3148 567 3201 sic
581 3148 709 3216 repetiit:
739 3146 903 3214 praesertim
912 3148 1066 3215 praecepta
1076 3144 1164 3198 vitam
1177 3145 1311 3201 Christia-

134 3232 197 3311 ὅρα,
215 3229 359 3308 ἄνθρωπε,
377 3238 458 3306 μήτις
475 3232 649 3306 caduceatore
662 3247 712 3306 τῆς
739 3250 837 3287 norum
861 3233 1014 3301 perfectam
1040 3233 1212 3302 spectantia,
1239 3251 1312 3304 quac

134 3327 255 3389 πίστεως
266 3321 373 3392 ταύτης,
384 3319 444 3379 ἐπεὶ
452 3323 590 3396 παρεκτὸς
599 3342 631 3380 σε
641 3329 711 3380 θεοῦ
741 3321 762 3384 l,
782 3323 851 3375 3-6
870 3320 1012 3389 leguntur.
1050 3319 1168 3384 Versus,
1193 3324 1225 3374 ut
1248 3339 1312 3391 par·

135 3411 264 3468 διδάσκει.
275 3407 438 3481 -διδαχῆς]
449 3409 467 3464 i.
478 3409 710 3465 e.doctrinatota
739 3406 827 3462 ticula
845 3406 898 3480 γάρ
917 3406 1036 3471 indicat,
1056 3407 1100 3460 ita
1118 3425 1178 3462 cum
1200 3412 1310 3464 antece·

134 3498 164 3552 in
182 3499 267 3567 parte
286 3495 469 3565 praecedente
487 3496 621 3565 exposita.
659 3498 709 3552 Eo·
739 3495 822 3549 dente
835 3494 997 3549 coniunctus
1009 3498 1059 3560 est,
1080 3497 1113 3548 ut
1126 3511 1213 3565 aeque
1226 3498 1312 3565 atque

134 3585 199 3639 dem
217 3600 298 3638 sensu
319 3582 463 3636 Barnabas
483 3583 553 3645 18,l
575 3602 639 3641 voca
656 3586 711 3639 uti·
739 3582 825 3637 verba
850 3583 949 3653 ταύτης
973 3595 1022 3652 τῆς
1046 3582 1113 3640 ὁδοῦ
1138 3595 1186 3654 τῆς
1203 3588 1313 3655 διδαχῆς

134 3675 196 3736 tur,
221 3670 379 3726 doctrinam
404 3671 523 3723 duarum
542 3671 651 3726 viarum
669 3675 711 3727 in·
739 3671 773 3725 de
791 3669 919 3726 doctrina
936 3686 1022 3738 supra
1038 3672 1165 3740 exposita
1175 3671 1312 3740 interpre-

134 3759 239 3813 dicans.
258 3789 292 3798 -
311 3759 451 3832 παρεκτὸς
460 3757 540 3828 θεοῦ]
559 3758 575 3812 i.
590 3776 613 3814 e.
627 3759 711 3815 aliter
739 3757 843 3812 tardus
860 3757 905 3811 sit.
935 3754 991 3810 Vix
1010 3760 1084 3812 recte
1097 3756 1192 3811 Schaff
1202 3757 1236 3811 dc
1249 3756 1312 3826 lega

135 3863 168 3902 ac
186 3846 269 3908 deus,
296 3844 357 3899 vias
383 3845 459 3900 vitae
483 3847 511 3900 et
534 3847 632 3902 mortis
658 3848 711 3902 tibi
740 3846 772 3901 V.
793 3845 823 3898 Τ.
843 3842 1021 3899 ceremoniali
1039 3843 1160 3911 cogitat,
1179 3842 1311 3897 Harnaclr

133 3951 298 4004 proponens.
739 3933 773 3986 dc
792 3932 905 3988 consilio
924 3932 1106 4001 virginitatis.
1138 3961 1167 3970 -—
1197 3929 1310 4000 τέλειος]

170 4022 196 4077 2.
223 4021 360 4095 βαστάσαι
378 4061 385 4073 .
401 4060 407 4072 .
421 4019 516 4093 ζυγόν]
535 4021 597 4074 Act.
619 4021 657 4084 15,
680 4024 711 4076 10
739 4018 778 4073 Ut
796 4036 881 4088 supra
894 4020 947 4083 2,2
965 4018 1067 4072 Matth.
1083 4019 1122 4082 19,
1138 4018 1248 4083 16-18,
1267 4018 1313 4072 hic

135 4108 236 4164 Petrus
256 4107 291 4162 de
305 4107 373 4177 iugo
386 4107 518 4176 loquitur,
538 4108 611 4177 quod
624 4125 712 4178 neque
740 4109 836 4162 auctor
859 4106 960 4162 Matth.
989 4106 1032 4169 19,
1054 4107 1086 4158 21
1112 4104 1239 4174 respicit,
1263 4106 1312 4159 ubi

139 4198 236 4266 patres
255 4211 345 4263 nequa
363 4195 483 4249 iuniores
502 4199 615 4264 portare
634 4199 712 4264 pote·
740 4196 815 4248 lesus
834 4192 1007 4249 adulescenti
1024 4194 1161 4248 mandata
1187 4209 1216 4246 sc
1234 4210 1252 4247 a
1269 4193 1312 4245 iu-

118 4285 216 4347 -rant,
242 4281 349 4336 scilicet
374 4281 408 4337 dc
426 4281 489 4350 lage
508 4281 602 4347 Mosis,
627 4299 711 4351 quam
741 4284 856 4336 ventute
881 4300 931 4337 sua
956 4280 1059 4335 dicanti
1081 4299 1206 4338 servasse
1223 4283 1311 4340 consi·

1062 4387 1103 4440 2*
