2918 4890
173 275 212 339 12
541 296 543 302 ·
662 273 848 329 coosulat

259 434 317 504 III.
354 434 474 500 Τέκνον
498 457 566 521 μου,
590 443 686 518 φεῦγε
710 436 772 498 ἀπὸ
796 435 911 508 παντὸς
927 440 1065 518 πονηροῦ
1080 434 1136 496 καί
1151 434 1215 496 ἀπὸ
1231 433 1344 506 παντὸς

172 540 279 625 ὁμοίου
303 544 408 606 αὐτοῦ.
453 542 482 606 2.
505 540 557 626 Μὴ
580 540 667 625 γίνου
689 541 824 625 ὀργίλος,
848 541 956 626 ὁδηγεῖ
977 542 1039 623 γὰρ
1062 539 1180 624 ηὸργη
1196 539 1277 622 πρὸς
1292 538 1341 600 τὸν

172 645 274 728 φὸνον,
300 646 376 730 μηδὲ
400 646 542 730 ζηλωτὴς
566 646 643 729 μηδὲ
667 646 820 729 έριστικὸς
844 645 921 730 μηδὲ
944 643 1098 728 θυμικὸς·
1130 644 1169 706 ἐκ
1192 645 1255 726 γὰρ
1278 641 1343 705 τοὺ-

172 770 232 812 τιυν
246 750 390 813 ἁπάντων
406 751 494 833 φόνοι
508 760 686 833 γεννῶνται.
721 753 751 817 3.
769 748 888 813 Τέκνον
902 770 970 834 μου,
987 752 1029 834 μὴ
1040 749 1127 833 γίνου
1139 745 1341 833 ἐπιθυμητής,

145 853 279 939 νὸδηγεῖ
302 857 363 938 γὰρ
385 855 405 940 η
422 854 571 938 ἐπιθυμία
594 857 672 938 πρὸς
692 857 747 939 τὴν
763 853 916 937 πορνείαν,
942 854 1019 938 μηδὲ
1037 851 1245 937 αἰσχρολὸγος
1270 850 1344 936 μηδὲ

172 957 438 1043 ὑψηλὸφθαλμος·
481 959 519 1022 έκ
556 962 617 1043 γὰρ
660 959 778 1023 τούτων
816 953 963 1022 ἁπάντων
999 968 1133 1042 μοιχεῖαι
1169 966 1343 1040 γεννῶνται.

172 1066 202 1128 4.
228 1061 347 1127 Τέκνον
371 1084 439 1147 μου,
464 1067 506 1148 μὴ
529 1064 615 1148 γίνου
632 1065 854 1143 οίιυνοσκὸπος,
880 1064 988 1148 ἐπειδὴ
1005 1064 1113 1149 ὁδηγεῖ
1127 1064 1170 1137 είς
1185 1065 1241 1147 τὴν
1258 1060 1343 1124 είδιυ-

172 1167 353 1252 λολατρίαν,
378 1170 456 1252 μηδὲ
480 1170 625 1244 ἐπαοιδὸς
649 1170 727 1255 μηδὲ
752 1170 974 1255 μαθηματικὸς
998 1169 1076 1254 μηδὲ
1098 1165 1344 1251 περικαθαίριυν,

173 1273 250 1357 μηδὲ
273 1272 350 1336 θέλε
374 1275 454 1337 αὐτὰ
478 1274 619 1360 βλέπειν·
654 1276 692 1339 ἐκ
715 1278 775 1359 γὰρ
807 1277 924 1340 τούτων
954 1275 1098 1338 ἁπάντων
1121 1269 1345 1353 εἰδωλολατρία

137 1395 159 1431 10
175 1387 328 1459 γεννᾶται.
374 1383 403 1443 ὁ.
428 1376 546 1442 Τέκνον
572 1401 648 1463 μου,
680 1383 721 1464 μὴ
752 1380 837 1464 γίνου
869 1380 1019 1463 ψεύστης,
1049 1379 1156 1462 ἐπειδὴ
1180 1376 1290 1460 ὁδηγεῖ
1311 1375 1344 1437 τὸ

174 1481 298 1566 ψεῦσμα
321 1483 364 1557 είς
386 1485 441 1566 την
463 1482 595 1567 κλοπήν,
621 1484 698 1567 μηδὲ
722 1483 914 1568 φιλάργυρος
930 1484 1009 1569 μηδὲ
1024 1480 1205 1558 κενὸδοξος·
1230 1480 1269 1543 ἐκ
1285 1481 1343 1563 γὰρ
1369 1500 1372 1505 ·

173 1587 289 1650 τούτων
321 1587 465 1650 ἁπάντων
493 1587 610 1651 κλοπαί
640 1600 815 1672 γεννῶνται.
863 1590 891 1654 6.
924 1586 1043 1653 Τέκνον
1076 1607 1152 1670 μου,
1186 1588 1228 1670 μὴ
1259 1583 1344 1667 γίνου

173 1691 339 1776 γὸγγυσος,
363 1693 470 1778 ἐπειδὴ
495 1693 602 1778 ὁδηγεῖ
624 1695 666 1769 εἰς
689 1698 744 1780 τὴν
769 1694 974 1781 βλασφημίαν,
1001 1692 1079 1778 μηδὲ
1101 1690 1245 1775 αὐθάδης
1270 1687 1345 1773 μηδὲ

208 1865 256 1918 lll.
286 1865 396 1921 Primus
415 1869 531 1938 capituli
555 1884 649 1922 versus
668 1886 746 1923 man·
774 1866 829 1925 ἀπὸ
847 1887 876 1923 π.
896 1867 1006 1938 ὁμοίου]
1030 1866 1071 1920 ef.
1097 1863 1222 1917 IThess.
1249 1864 1279 1925 5,
1299 1862 1344 1915 22:

174 1951 273 2005 datum
292 1955 424 2022 generale
446 1955 579 2010 continet.
611 1955 642 2008 In
664 1955 746 2009 versi·
773 1954 829 2012 ἀπὸ
847 1957 952 2023 παντὸς
962 1951 1052 2020 ciliove
1063 1959 1187 2023 acropoli
1198 1947 1346 2021 ἀπέχεσθε.

173 2040 225 2091 bus
243 2041 367 2112 quinque
380 2043 559 2112 sequentibus
577 2043 620 2096 ita
638 2041 672 2096 de
684 2059 745 2112 pec·
773 2042 817 2096 Ad
837 2043 1071 2098 constructionem
1090 2039 1189 2116 ὁμοίου
1206 2037 1294 2094 αὐτοῦ
1312 2036 1346 2090 cf.

174 2127 244 2181 catis
262 2131 440 2196 gravioribus
459 2130 561 2199 agitur,
582 2133 613 2184 ut
632 2132 746 2199 peccata
773 2130 869 2186 Sirach
892 2133 930 2196 13,
952 2134 992 2186 16.

173 2213 341 2281 indicentur,
359 2235 392 2271 ex
410 2217 510 2288 quibus
527 2235 560 2273 ea
573 2217 745 2287 proficiscun-
816 2221 840 2272 2.
871 2229 894 2272 2.
922 2219 1034 2293 ὀργῖλος
1052 2216 1102 2273 eod
1120 2246 1155 2255 -
1172 2218 1211 2285 μὴ
1229 2234 1255 2284 γ.
1275 2210 1348 2283 ὀργί-

173 2306 228 2357 tur.
266 2303 301 2357 Hi
321 2320 416 2359 versus
434 2322 529 2361 omnes
546 2305 576 2358 in
595 2304 664 2360 dues
682 2322 746 2374 par·
772 2307 832 2375 λος]
853 2306 892 2360 uf.
912 2307 1014 2360 Metth.
1035 2310 1059 2370 5,
1077 2305 1119 2358 22.
1150 2300 1204 2354 Tit.
1225 2301 1249 2363 12
1269 2302 1293 2353 7·
1314 2327 1345 2336 -

174 2397 214 2445 tes
234 2390 407 2457 dividuntur,
427 2397 456 2448 et
472 2411 538 2463 pars
551 2394 626 2462 prior
639 2409 747 2462 semper
773 2397 904 2467 ζηλωτής]
922 2395 951 2448 in
966 2393 1001 2447 N.
1016 2393 1045 2446 T.
1059 2407 1166 2459 semper
1179 2389 1253 2443 bono
1264 2401 1346 2439 sensu

175 2477 265 2532 verbis
283 2477 379 2553 ὁδηγεῖ
393 2481 447 2557 γάρ
473 2481 517 2536 vel
541 2478 632 2552 ἐπειδὴ
655 2479 751 2553 ὁδηγεῖ
774 2480 933 2537 adhibetur.
959 2483 1029 2537 ltem
1042 2479 1236 2541 101em.45‚1.
1266 2476 1349 2542 Ζῆλοι

172 2572 239 2631 κτλ.,
258 2585 324 2636 pars
343 2568 486 2638 posterior,
504 2568 534 2622 in
552 2586 608 2637 qua
627 2568 748 2636 peccatis
774 2572 870 2624 autem
893 2571 968 2625 inter
990 2585 1078 2639 opera
1097 2564 1187 2622 carnis
1205 2576 1348 2617 recensen-

173 2653 343 2723 capitalibus
368 2657 435 2711 bina
464 2658 508 2712 vel
532 2660 614 2712 terna
632 2659 747 2725 peccata
774 2660 822 2711 tur
839 2657 901 2712 Gal.
922 2663 949 2720 5,
969 2657 1010 2711 20.
1032 2655 1143 2710 Eodem
1168 2653 1229 2707 loco
1254 2665 1348 2703 vocem

172 2742 403 2811 praemittuntur,
422 2744 514 2798 verbis
533 2741 564 2800 ἐκ
573 2743 626 2818 γὰρ
640 2743 748 2801 τούτων
772 2750 848 2816 ζῆλοι
865 2746 1019 2815 sequuntur
1039 2759 1118 2798 voees
1137 2737 1226 2809 θυμοί
1248 2739 1277 2791 et
1295 2733 1349 2808 ἐρι-

173 2824 305 2886 ὁιτιαίντιυν
327 2836 384 2886 κτλ.
409 2831 591 2886 concluditur.
627 2831 746 2888 Peccata
774 2837 862 2899 θεῖαι,
888 2833 1013 2896 eaedem,
1040 2844 1112 2899 quae
1136 2827 1182 2881 hic
1204 2826 1348 2894 leguntur,

173 2916 307 2983 praviora
329 2920 472 2974 mandatis
495 2919 698 2990 principalibus
721 2925 746 2987 2,
774 2921 817 2976 ita
840 2924 873 2975 ut
897 2918 1060 2977 concludere
1081 2916 1179 2978 liceat,
1204 2915 1347 2967 auctorem

174 3006 242 3059 2-3
265 3007 443 3075 respondent.
485 3006 630 3062 Barnabas
654 3012 745 3065 totam
774 3013 842 3066 haec
860 3011 1027 3065 scribentem
1044 3009 1126 3063 illum
1146 3004 1171 3058 S.
1187 3000 1350 3070 scripturae

173 3095 284 3165 purtem
302 3097 347 3149 vel
366 3112 460 3150 versus
481 3097 547 3150 1-6
568 3095 670 3151 omisit.
774 3099 865 3153 locum
883 3098 913 3152 in
932 3099 1026 3152 mente
1044 3094 1181 3150 habuisse.

210 3183 233 3237 1.
261 3181 359 3238 τέκνον
376 3182 443 3252 μου]
462 3182 536 3236 Haec
549 3183 635 3238 verbe
651 3185 681 3238 in
696 3185 748 3241 hoc
808 3189 832 3243 3.
856 3191 895 3257 μὴ
912 3207 937 3258 γ.
957 3183 1129 3255 ἐπιθυμητὴς
1149 3180 1220 3249 κτλ]
1245 3175 1350 3232 Maith-

174 3269 297 3341 capitulo
321 3271 466 3340 quinquies
491 3272 637 3342 leguntur,
663 3273 747 3326 semel
775 3281 799 3341 5,
812 3275 846 3328 28
865 3274 999 3330 Dominus
1018 3273 1094 3334 dicit,
1114 3287 1232 3332 omnem,
1246 3267 1294 3337 qui
1308 3266 1349 3320 vi·

174 3360 204 3415 iu
222 3359 347 3429 capitulo
369 3359 495 3428 proximo
521 3363 563 3427 lli,
587 3361 618 3430 l).
655 3361 747 3415 Habes
767 3363 849 3418 derit
874 3363 1019 3418 mulierem
1042 3362 1078 3416 ad
1098 3355 1349 3427 concupiscendum

174 3448 271 3505 euclem
294 3446 403 3515 saepius
430 3448 460 3501 in
479 3447 504 3501 S.
524 3447 681 3517 Scriptura,
706 3465 748 3501 ex.
774 3467 851 3514 cam,
875 3450 934 3503 iam
960 3448 1138 3504 moechatum
1160 3463 1218 3501 esse
1237 3463 1300 3500 eam
1318 3443 1349 3497 in

175 3554 217 3607 pr.
235 3535 314 3591 Prov.
336 3538 358 3598 l,
377 3536 400 3590 8.
417 3538 456 3591 10.
474 3540 517 3600 15;
536 3539 560 3600 2,
579 3539 603 3599 l;
622 3536 673 3599 3‚1
695 3540 746 3591 etc.
774 3537 855 3593 corde
866 3554 922 3593 suo.
942 3566 977 3575 -
994 3533 1229 3608 ὁμηλὸφθαλμος]
1243 3532 1350 3602 legitur

176 3624 271 3681 sirach
302 3622 415 3677 exhibet
442 3640 536 3678 vocem
571 3622 669 3679 τέκνον
701 3623 746 3677 vel
774 3625 861 3679 etiam
874 3625 904 3679 in
915 3623 1073 3680 Canonibns
1087 3623 1181 3678 eccles.
1195 3640 1216 3676 e.
1231 3623 1253 3675 7.
1279 3620 1349 3676 Con·

178 3715 267 3773 ιικνία
286 3711 373 3767 solum
393 3711 427 3776 (2,
449 3714 478 3774 l;
504 3714 532 3775 θ,
556 3712 576 3763 l.
599 3714 642 3775 14;
668 3712 747 3775 4,1;
774 3713 935 3768 stitutiones
954 3716 1042 3781 apost.
1061 3711 1123 3775 Vll,
1142 3716 1158 3765 6
1183 3711 1279 3765 autem
1302 3724 1349 3761 ex·

175 3805 216 3861 tl.
239 3804 247 3855 1
269 3803 345 3866 etcl;
372 3797 406 3850 N.
425 3798 454 3853 Τ.
475 3801 567 3854 τεκνία
590 3798 634 3852 vel
654 3802 747 3854 τεκνία
774 3800 1092 3875 ίιὶὁειιῖριψὸφθαλμος.
1113 3799 1184 3853 (λίΙΙ
1192 3798 1266 3851 Petr.
1274 3797 1348 3861 2,14.

175 3914 238 3967 γωο,
257 3889 360 3945 scilicet
379 3885 441 3939 Gal.
461 3887 485 3948 4,
509 3888 551 3949 19;
574 3885 588 3938 I
608 3885 703 3940 Ioann.
722 3887 747 3949 2,
774 3888 872 3942 Sirach
890 3889 930 3950 26,
945 3888 970 3940 9.
1002 3887 1123 3942 Tectam.
1140 3885 1292 3956 patriarch.
1314 3883 1349 3948 V,

179 3984 189 4039 l
219 3981 311 4034 illuto.
327 4006 363 4016 -
382 3984 468 4047 φεῦγε
482 3973 551 4043 κτλ]
571 3971 746 4027 Sententiam
775 3979 802 4029 7:
821 3979 893 4047 πλὴν
910 3986 959 4045 τῆς
976 3977 1106 4047 γυναικός
1123 3996 1179 4046 μον
1197 3973 1247 4031 οὐκ
1260 3967 1349 4045 ἔγνων

175 4066 326 4136 τνιιίυιυιμιε
335 4064 392 4118 fere
402 4061 495 4122 verba,
515 4064 548 4114 ut
558 4060 630 4113 vidit
644 4060 746 4128 Taylor
773 4058 872 4133 ἄλλην·
890 4061 942 4119 οὐκ
960 4059 1112 4137 ἓτὸρνενσα
1125 4060 1348 4136 ἐνμετεωρισμῷ

184 4156 233 4215 rte
253 4154 383 4224 flacciaco
400 4172 426 4223 p.
445 4153 493 4214 24,
519 4150 606 4205 etiam
626 4149 746 4204 'salmud
773 4150 940 4222 ὀφθαλμῶν.

175 4243 287 4323 ,Νηιλ
318 4241 432 4299 Chullin
457 4244 491 4295 44
501 4241 531 4310 b)
565 4237 685 4294 exhibet.
712 4267 747 4278 -
808 4241 833 4291 4.
870 4237 1086 4307 οίωνοσκὸπος.
1112 4278 1117 4290 .
1141 4237 1281 4308 ἐπαοιδός]
1308 4235 1349 4291 cl.
