2918 4890
384 308 571 365 DOCTRINA
589 308 778 364 DUODEOIM
796 308 1069 366 APOSTOLORUM.
1236 315 1313 380 XXI

238 470 279 528 48
300 461 424 527 Ρο01010
443 483 480 525 19
500 467 621 531 claudas
642 468 779 540 aliudque
800 468 937 540 aliudque
957 469 1100 545 loquaris3
1142 472 1168 544 2,
1189 473 1217 528 4.

178 566 194 598 ’
298 564 379 623 Neve
397 568 431 622 ut
449 580 503 637 per
522 569 622 636 petras
643 563 767 637 polypus
788 565 908 623 muteris
928 566 1049 640 ubique;

298 661 438 720 Omnibus
459 659 500 718 sis
521 659 660 731 simplex;
683 675 756 732 quae
778 660 869 718 sentis
890 661 984 734 corde,
1005 661 1144 734 loquaris.

218 757 276 815 149
297 755 387 815 Nulla
406 772 520 814 venena
540 773 636 829 pares,
658 757 787 829 magicos
808 762 839 814 et
859 757 964 830 defuge
985 759 1085 816 libros.
1128 761 1156 832 2,
1175 762 1201 818 2.

217 853 275 910 153
296 852 341 909 De
360 852 479 924 proprio
499 857 533 909 ut
552 853 646 924 vivas,
669 853 756 911 duros
777 858 907 912 tractato
929 855 1059 926 labores3
1101 856 1147 923 12,
1168 856 1195 911 3.

217 948 277 1005 154
297 947 428 1020 Namque
447 948 534 1021 piger
553 950 688 1007 manibus
708 950 801 1009 uitam
822 954 970 1008 sustentat
989 951 1105 1022 iniquis.

219 1042 275 1100 183
297 1042 359 1101 Nec
378 1043 483 1100 mulier
502 1043 611 1101 foetum
632 1049 764 1102 tenerum
786 1050 953 1117 corrumpat
973 1048 1004 1103 iu
1025 1046 1102 1117 alvo,
1143 1047 1170 1116 2,
1193 1049 1218 1106 2.

301 1137 362 1196 Nec
381 1144 499 1210 partum
519 1140 640 1198 canibus
661 1141 710 1198 det
729 1141 932 1200 vulturibusve
953 1143 1122 1201 vorandum.

227 1305 344 1370 Poema
364 1306 508 1390 profecto
531 1307 694 1390 complura
717 1330 788 1371 cum
810 1309 965 1373 Doctrina
988 1308 1203 1393 apostolorum
1226 1331 1311 1372 com-

135 1411 252 1474 munia
274 1410 379 1475 habet.
425 1409 643 1477 Nihilominus
667 1412 758 1476 valde
781 1413 912 1477 dubium
934 1419 991 1494 est,
1014 1437 1091 1478 num
1108 1413 1311 1496 Pseudopho-

135 1514 259 1599 cylides
282 1537 320 1579 ex
344 1515 404 1580 hac
425 1516 582 1599 scriptura
598 1517 749 1580 hauserit.
788 1515 875 1592 Quae
890 1519 973 1582 enim
990 1517 1159 1582 Doctrinae
1174 1517 1312 1582 maxime

134 1620 269 1702 propria
294 1623 386 1699 sunt,
420 1621 454 1684 in
477 1625 621 1704 poemate
653 1643 717 1686 non
750 1621 911 1707 leguntur.
956 1623 1162 1688 Desideratur
1192 1623 1311 1686 mentio

134 1723 264 1788 viarum
287 1724 440 1805 duarum,
471 1727 541 1790 riae
564 1727 648 1790 uitae
680 1750 716 1791 ac
739 1728 809 1791 viae
831 1729 953 1794 mortis,
999 1728 1227 1793 Desiderantur
1249 1727 1312 1790 tria

135 1827 291 1891 mandata
312 1829 509 1913 principalia.
556 1830 673 1894 Locum
698 1832 840 1895 mandati
856 1832 972 1896 amoris
989 1833 1048 1896 Dei
1071 1833 1198 1916 quidem
1218 1855 1311 1916 prae-

137 1936 268 2015 ceptum
292 1934 414 1999 obtinet
436 1935 559 1999 timoris
576 1934 652 2013 Dci;
676 1936 728 1999 sed
751 1936 811 1999 hoc
834 1958 898 1999 non
913 1960 1042 2019 prorsus
1064 1938 1147 2002 idem
1171 1941 1219 2001 est
1240 1959 1311 2001 cum

136 2037 199 2101 illo
221 2060 324 2122 neque
347 2062 384 2103 91
407 2040 578 2119 Doctrina,
610 2041 663 2104 sed
685 2040 772 2104 haud
794 2040 888 2105 dubie
919 2063 957 2105 91
980 2041 1010 2106 S.
1035 2040 1200 2126 Scriptura
1223 2063 1312 2125 repe-

136 2143 273 2207 tendum
290 2149 353 2224 est3
377 2151 480 2210 cetera
490 2148 649 2226 mandata,
667 2147 853 2210 mandatum
864 2147 979 2210 amoris
995 2147 1132 2229 proximi
1149 2168 1185 2210 ac
1201 2147 1312 2231 regula

137 2270 225 2332 quae
249 2249 365 2314 dicitur
388 2273 493 2331 aurea,
517 2253 611 2335 plane
634 2253 756 2316 desunt.
790 2251 994 2317 Desideratur
1012 2253 1199 2316 mandatum
1214 2273 1312 2336 grave

135 2353 304 2433 1)οο11.2,
329 2355 347 2419 7
380 2361 412 2420 91
440 2358 625 2420 mandatum
653 2358 802 2421 9111111111
827 2357 933 2421 Doctr.
956 2360 986 2437 3,
1013 2358 1063 2421 10.
1107 2356 1312 2420 Desideratur

135 2457 270 2523 omnino
294 2464 389 2544 caput
411 2459 460 2525 III
482 2461 653 2526 Doctrinae
683 2466 787 2526 totum
820 2467 852 2527 et
881 2464 993 2547 capitis
1024 2461 1072 2527 IV
1093 2485 1167 2545 pars
1199 2463 1311 2542 maior,
1430 2471 1432 2474 ’

135 2585 334 2648 quamquam
357 2567 410 2630 hic
432 2568 538 2650 plures
562 2568 737 2633 sententiae
760 2573 905 2646 exstant,
936 2590 1014 2652 quas
1037 2565 1224 2650 Phocylides
1248 2583 1311 2631 non

133 2669 246 2752 potuit
267 2671 450 2752 praeterire,
473 2673 501 2736 si
523 2672 556 2737 id
579 2674 655 2758 egit,
684 2678 721 2738 ut
743 2675 933 2757 scripturam
956 2674 990 2736 11
1014 2694 1122 2737 versus
1145 2672 1311 2757 redigeret,

134 2794 219 2856 quas
243 2774 295 2837 vix
317 2758 491 2857 omisisset,
523 2779 550 2842 si
574 2801 644 2843 eam
667 2779 828 2864 cognitam
851 2783 978 2843 tantum
1000 2777 1173 2840 habuisset.
1218 2776 1262 2840 Et
1285 2778 1312 2841 si

135 2900 196 2956 ea,
229 2881 364 2962 quaein
386 2887 533 2966 poemate
561 2884 692 2963 desunt,
728 2883 1011 2968 Pseudophocylidi
1032 2881 1220 2946 Doctrinam
1248 2905 1312 2945 uon

134 2985 317 3049 innotuisse
339 2986 492 3063 indicant,
518 2989 618 3052 altera
640 2991 786 3071 exparte
809 2987 993 3066 sententiae,
1018 2986 1155 3070 quaein
1178 2989 1312 3070 utraque

136 3091 298 3175 scriptura
322 3093 482 3177 leguntur,
508 3095 560 3157 vix
577 3094 729 3173 eiusmodi
752 3096 836 3171 sunt,
860 3097 897 3156 ut
918 3096 1013 3175 poeta
1036 3113 1087 3154 eas
1106 3113 1144 3154 91
1160 3089 1313 3158 Doctrina

135 3196 371 3279 deprompsisse
393 3198 578 3262 iudicandus
602 3199 653 3262 sit.
694 3199 781 3276 Quae
804 3220 883 3262 vere.
901 3198 985 3261 3-8
1010 3198 1170 3280 leguntur,
1194 3197 1312 3262 91119-

137 3298 254 3383 calogo
278 3301 447 3384 repetenda
469 3307 552 3368 suut.
600 3300 735 3385 Reliqua
761 3305 947 3385 praecepta,
980 3301 1019 3365 ad
1042 3299 1199 3364 iustitiam
1221 3325 1313 3385 prae·

135 3405 231 3487 cipue
265 3409 296 3469 et
318 3406 484 3470 caritatem
507 3429 583 3492 ergo
607 3429 759 3491 pauperes
781 3406 991 3490 pertinentia,
1023 3428 1093 3470 cum
1117 3406 1150 3468 in
1174 3410 1313 3472 tractatu

136 3510 177 3574 de
204 3509 317 3574 officiis
339 3510 506 3576 hominum
529 3513 581 3576 vix
604 3513 766 3595 potuerint
790 3512 974 3595 praeteriri,
1007 3534 1070 3574 uon
1094 3532 1207 3595 urgere
1230 3512 1313 3592 licet,

137 3614 204 3678 nisi
226 3614 309 3678 forta
331 3615 378 3679 ita
401 3639 547 3699 expressa
570 3617 705 3695 scierint,
737 3619 774 3680 ut
803 3616 926 3680 ratione
950 3619 1035 3680 certa
1065 3616 1103 3679 ad
1127 3615 1314 3680 Doctrinam

136 3721 263 3804 possint
287 3720 407 3785 referri.
454 3722 544 3797 Quod
574 3744 637 3785 non
667 3721 789 3785 accidit.
835 3721 920 3785 Fons
943 3721 1049 3804 potius
1072 3719 1314 3803 principalis,e

137 3846 204 3909 quo
228 3823 535 3910 Pseudophocylides
558 3826 676 3904 hausit,
700 3830 748 3889 991
763 3823 864 3890 Vetus
881 3825 1128 3890 Testamentum.
1166 3823 1204 3888 In
1221 3847 1314 3888 versu

138 3930 182 3993 22
206 3929 303 3993 etiam
325 3930 458 3994 verbum
475 3929 506 3994 S.
523 3929 704 4013 Scripturae
722 3929 827 4011 (Prov.
845 3931 875 4008 3,
894 3930 949 4012 28)
967 3930 1103 4013 repetiit.
1141 3927 1187 3993 cf.
1206 3928 1312 3991 adnot.

138 4035 181 4098 ad
197 4033 305 4100 Doctr.
323 4035 354 4112 4,
371 4034 401 4098 7.
440 4033 527 4110 Quae
549 4057 621 4098 cum
640 4034 687 4097 ita
704 4035 777 4113 sint,
803 4032 1111 4119 Pseudophocylides
1126 4032 1314 4096 Doctrinam
1363 4029 1366 4036 ’

139 4161 205 4202 101
229 4137 344 4223 legisse
366 4139 500 4203 videtur.
547 4139 687 4222 Cumque
714 4139 748 4201 11
771 4139 837 4203 eius
861 4162 953 4222 opere
976 4140 1111 4223 vestigia
1133 4137 1205 4201 fidei
1228 4137 1323 4201 chri··
