2918 4890
301 366 525 428 srucronun
544 363 809 428 urosrononun
827 368 886 437 xx,
908 368 1030 437 1-xx1,
1050 372 1072 427 1.
1228 370 1268 438 ευ

89 553 217 596 memor
238 531 452 617 evangelistae
475 532 543 594 loco
566 552 600 594 se
623 531 756 614 operari.
794 530 856 608 Qui
871 532 956 597 enim
971 555 1062 597 aures
1076 533 1188 617 implet
1203 555 1268 598 non

89 637 322 722 intellegentis,
345 637 517 721 inscriptus
540 636 707 719 putabitur
730 637 814 721 apud
836 637 947 702 Deum.

183 741 254 807 XX.
292 741 477 806 Matthaeus
493 741 591 805 dixit:
607 740 742 806 Diaecni
757 743 968 807 instituantur
986 742 1098 828 [tres];
1116 742 1270 827 scriptum

93 852 163 913 est:
186 846 225 912 ln
248 848 352 912 tribus
375 847 474 912 stabit
499 868 592 910 omne
613 846 747 910 verbum
765 846 903 914 Domini.
952 849 982 914 2.
1006 847 1078 913 Sint
1094 848 1221 933 probati
1236 849 1270 911 in

92 954 185 1018 omni
215 952 410 1031 ministerio,
441 951 661 1015 testimonium
683 952 837 1017 habentes
860 976 879 1016 a
902 954 1011 1037 plebe,
1046 955 1140 1017 unius
1162 953 1296 1017 uxorias

93 1058 168 1137 viri,
192 1057 332 1122 filiorum
355 1041 539 1137 nutritores,
562 1059 743 1142 prudentes,
767 1059 911 1138 modesti,
935 1059 1070 1143 placidi,
1095 1081 1160 1123 non
1183 1080 1270 1121 mur·

91 1166 278 1243 morantes,
301 1185 366 1227 non
390 1161 567 1247 bilingues,
591 1185 655 1227 non
677 1163 839 1244 iracundi,
863 1165 912 1228 ira
934 1165 1018 1229 eninr
1040 1164 1146 1248 perdit
1168 1164 1271 1227 virum

91 1270 290 1353 sapientem,
320 1290 384 1333 non
412 1290 579 1351 personam
612 1270 721 1335 divitis
753 1271 940 1354 accipientes
973 1291 1075 1354 neque
1102 1290 1271 1352 pauperem

93 1374 311 1458 opprimentes
341 1396 443 1459 neque
465 1375 540 1438 vino
563 1375 665 1439 multo
688 1376 909 1460 indulgentes,
941 1375 1058 1460 agiles3
1093 1375 1123 1438 3.
1155 1374 1209 1458 qui
1233 1373 1272 1436 ad

95 1480 222 1544 occulta
244 1500 340 1563 opera
361 1478 442 1543 bene
464 1479 683 1560 adhortentur,
711 1485 829 1565 cogant
850 1480 1016 1564 opulentos
1039 1480 1123 1543 inter
1145 1478 1310 1557 fratres,1u

95 1589 135 1648 ut
156 1606 270 1648 manus
293 1585 483 1667 expandant,
507 1606 523 1648 e
560 1584 622 1668 ipsi
642 1585 707 1648 sint
722 1585 874 1664 munifici,
897 1586 1076 1670 largitores,
1101 1583 1189 1648 omni
1213 1581 1271 1645 ho·

94 1711 174 1753 nore
196 1693 229 1754 et
250 1690 438 1754 verecundia
461 1695 493 1753 et
516 1693 630 1754 timore
652 1690 849 1755 honorentur
872 1713 891 1754 a
911 1691 1012 1775 plebe,
1036 1690 1205 1774 diligenter
1221 1690 1271 1750 at·

35 1874 39 1881 ¹
96 1795 232 1860 tendant
261 1795 389 1874 ineos,
421 1795 476 1879 qui
507 1795 686 1860 inordinate
708 1796 920 1875 circumeunt,
954 1796 1033 1859 alios
1056 1795 1270 1872 admonentes,

97 1899 178 1964 ahos
201 1898 409 1979 consolantes,
433 1900 513 1964 alios
535 1901 743 1985 increpantes,
767 1923 820 1965 eos
843 1901 898 1986 qui
915 1902 1022 1965 omnia
1037 1899 1167 1964 omnino
1183 1919 1271 1981 sper·

97 2007 181 2069 nunt
202 2005 316 2069 missos
338 2005 505 2085 facientes,
538 2028 691 2071 memores
714 2007 961 2071 contradictores
985 2010 1017 2070 et
1039 2007 1271 2088 contemptores
1286 2023 1311 2061 ιι

96 2114 129 2175 et
151 2109 397 2174 calumniatores
418 2109 547 2175 Christo
570 2112 732 2177 restitisse.

185 2211 272 2278 XXI.
318 2213 442 2297 Cephas
465 2216 559 2279 dixit:
590 2216 714 2281 Viduae
745 2217 956 2283 instituantur
986 2222 1069 2294 tres;
1100 2216 1179 2280 duae
1202 2239 1273 2300 per·

96 2323 242 2384 reuerent
266 2321 300 2384 in
316 2321 458 2384 oratione
472 2344 531 2405 pro
546 2323 703 2403 omnibus,
729 2323 784 2407 qui
806 2324 840 2386 in
862 2324 1039 2388 tentatione
1061 2324 1145 2400 sunt,
1169 2326 1201 2385 et
1224 2343 1273 2385 re-

96 2499 159 2552 λυσι
186 2497 232 2551 καί
256 2496 416 2568 φρονίμους.
453 2492 672 2552 Constitutiones
699 2495 826 2564 ἀτάκτως
843 2495 1053 2570 περιπατοῦσιν]
1077 2494 1117 2548 Cf.-
1137 2494 1163 2547 Il
1181 2493 1274 2549 Thess.

97 2584 189 2652 apost.
199 2581 262 2646 11‚3
281 2580 379 2637 eadem
388 2579 422 2635 de
431 2581 558 2651 episcopo
567 2582 671 2638 dicunt.
699 2586 724 2648 3,
734 2584 757 2639 6.
771 2585 811 2638 11.
825 2615 859 2623 —
877 2584 1090 2652 νουθετοῦντες]
1101 2581 1141 2637 Of.
1153 2583 1165 2635 Ι
1180 2582 1273 2637 Thess.

97 2700 129 2710 ·-
148 2675 187 2742 μὴ
204 2671 403 2744 πρόσωπον-
421 2671 672 2727 καταδυναστεύου-
700 2675 724 2731 5,
745 2673 791 2725 14:
810 2676 971 2727 νουθετεῖτε
992 2670 1058 2738 τοὺς
1076 2668 1221 2736 ἀτάκτους.
1241 2701 1274 2709 -

98 2756 154 2828 τες]
181 2756 299 2813 Constit.
327 2759 415 2826 apost.
434 2757 476 2822 11,
496 2761 510 2812 5
531 2756 673 2827 episcopus
699 2764 944 2835 παρακαλοῦντες.
960 2756 1169 2827 surripiuntur]
1189 2756 1230 2811 uf.
1249 2757 1274 2810 ll

97 2844 282 2901 admonetur:
301 2839 373 2902 turo
391 2842 408 2900 d
425 2842 576 2912 ἐπίσκοπος
587 2842 673 2919 ἀπρο-
700 2847 771 2900 Tim.
789 2848 814 2910 4,
833 2846 857 2899 2.
882 2877 918 2886 —
944 2849 1058 2921 Χριστῷ
1076 2843 1273 2916 ἀντετάξαντο]

97 2933 291 3005 σωπόληπτος,
308 2936 378 3003 μήτε
396 2931 531 2999 πλούσιον
545 2929 673 3007 ἐντρεπό-
700 2934 740 2988 of.
761 2935 825 2988 Luc.
846 2934 885 2998 10,
906 2934 946 2988 16.

96 3041 182 3093 μενος
193 3020 210 3092 ἢ
221 3019 380 3077 κολακεύων
392 3019 468 3093 παρὰ
480 3021 514 3076 τὸ
523 3032 674 3095 προσῆκον,
726 3019 797 3086 XXI,
811 3021 834 3074 1.
855 3030 894 3076 18.
914 3019 1061 3076 τῶνοαιΙΤ
1078 3049 1113 3059 -
1131 3019 1171 3073 De
1182 3018 1275 3074 viduis

97 3113 168 3180 μήτε
185 3106 289 3178 πένητα
310 3114 443 3182 παρορῶν
466 3107 483 3178 ἢ
506 3113 673 3165 καταδυνασ-
699 3111 838 3176 tanquam
872 3107 968 3164 ordine
1002 3106 1187 3162 ecclesiastico
1217 3107 1274 3162 iam

98 3196 194 3254 τεύων.
232 3194 272 3249 (li.
291 3195 377 3252 etiam
389 3194 484 3251 Doctr.
503 3199 592 3267 apost.
611 3199 635 3260 5,
649 3198 673 3250 2.
700 3196 803 3250 Paulus
822 3194 916 3249 ITim.
931 3196 954 3257 5,
968 3193 1055 3249 3-16
1074 3193 1136 3262 agir
1155 3196 1276 3264 etprae-

98 3315 132 3324 -
151 3280 306 3355 edoxviroi]
326 3283 444 3340 Constit.
464 3286 554 3353 apost.
577 3283 627 3347 ΙΙΙ,
642 3285 673 3337 15
700 3286 744 3338 ter
762 3283 845 3352 plura
864 3282 923 3335 alia
940 3281 970 3336 id
988 3280 1107 3350 requirit
1125 3282 1162 3353 (v.
1182 3285 1222 3353 9),
1244 3285 1276 3337 ut

100 3372 132 3426 lu
150 3371 221 3426 haec
239 3389 292 3426 vox
310 3373 354 3424 ter
376 3373 405 3425 te
424 3370 541 3427 diacono
560 3370 673 3426 adhibe·
701 3369 787 3423 vidua
811 3368 849 3424 sit
877 3386 966 3424 annos
992 3368 1141 3438 sexaginta
1160 3374 1230 3426 nata
1248 3372 1277 3426 et

99 3461 154 3523 tur,
175 3459 211 3523 ΙΙ,
230 3459 248 3514 3
266 3458 352 3513 etiam
372 3458 406 3512 de
426 3459 563 3530 episcopo.
701 3456 783 3510 unius
802 3456 856 3511 viri
874 3475 951 3512 uxor.
987 3456 1141 3527 Praecepta
1165 3475 1276 3513 accura-

132 3547 158 3601 3.
187 3552 245 3603 τῶν
261 3550 387 3620 κρυφίων
405 3541 505 3620 ἔργων]
524 3547 542 3599 i.
562 3563 584 3600 e.
604 3546 674 3600 elee-
701 3545 775 3600 tiora
794 3544 828 3599 de
847 3543 939 3598 viduis
959 3543 1010 3598 dat
1029 3547 1126 3600 auctor
1139 3543 1276 3601 Constitu-

99 3652 292 3705 mosynarum,
316 3654 386 3705 quas
413 3635 548 3692 Dominus
571 3632 674 3686 Matth.
701 3632 811 3688 tionum
822 3631 1012 3702 apostolorum
1022 3630 1172 3696 lll,1-·l5.
1192 3632 1276 3702 Igna-

98 3727 123 3791 6,
144 3724 169 3780 3.
187 3725 205 3778 4
221 3723 284 3777 vult
302 3723 333 3777 in
352 3723 515 3778 abscondito
533 3738 600 3776 esse.
629 3722 673 3775 Se·
702 3719 758 3773 tius
777 3719 885 3787 Smyrn.
906 3719 980 3783 13,1
1010 3718 1134 3788 virgines
1159 3735 1276 3774 comme-

98 3810 221 3867 cnndum
244 3808 347 3865 Canon.
366 3809 479 3880 Hippoi.
499 3811 525 3864 V
550 3808 674 3864 diaconis
702 3810 794 3863 morat
812 3808 927 3863 vocatas
947 3806 1055 3872 viduas,
1073 3806 1091 3861 i.
1107 3823 1131 3860 e.
1146 3805 1277 3875 virgines,

99 3898 228 3970 inprimis
254 3895 341 3950 etiam
371 3896 531 3951 hominibus
563 3896 674 3952 occulta
702 3913 774 3966 quae
783 3895 847 3952 ideo
857 3894 1078 3966 appellabantur
1088 3893 1197 3957 viduae,
1210 3891 1278 3961 quia

98 3987 226 4057 egestate
244 3982 345 4054 pressis
358 3983 562 4053 providendum
575 3987 628 4040 est.
643 4017 673 4023 -
703 3983 792 4039 coetui
824 3983 971 4037 viduarum
1002 3980 1160 4049 adscriptae
1187 3981 1278 4035 erant.

99 4074 287 4146 εὐμετάίοτοι,
306 4072 472 4143 κοινωνικοί]
491 4074 502 4127 l
519 4073 627 4134 Timo,
642 4072 676 4124 18
703 4071 836 4141 Origenes
854 4071 884 4124 in
902 4070 998 4126 Ioann.
1017 4069 1058 4132 32,
1078 4071 1093 4122 7
1113 4067 1158 4137 (de
1174 4067 1204 4120 la
1218 4067 1277 4122 Rue

99 4163 204 4218 Paulus
232 4159 367 4215 divitibus
390 4160 544 4233 praecipit,
563 4158 675 4229 εὐμετα·
702 4160 750 4221 IV,
769 4158 832 4228 422)
858 4155 1027 4211 viduamlin
1044 4155 1176 4211 honorem
1195 4153 1277 4210 eccle·

99 4252 198 4318 δότσυς
215 4244 300 4315 εἶναι,
318 4248 503 4316 κοινωνικούς.
532 4278 561 4288 -
593 4244 676 4316 τιμῶ·
704 4246 845 4300 siasticum
865 4244 1095 4301 connumeratam
1119 4242 1163 4297 vel
1185 4259 1278 4313 recep-

97 4335 189 4413 μενοι]
219 4335 260 4393 cf.
287 4336 380 4391 Doetr.
409 4337 499 4405 apost.
525 4335 571 4400 15,
590 4334 614 4391 2.
641 4363 676 4373 —
703 4335 765 4387 tarn
778 4331 995 4406 (καταλεγομένη
1006 4329 1046 4397 εἰς
1053 4327 1278 4453 1ἐνιπλησιαστικὴν

1031 4421 1047 4475 5
