2918 4890
483 326 743 398 antennarum
762 333 937 395 LATINUM.
1179 331 1300 410 LXVII

110 488 151 559 de
173 491 245 560 loco
274 497 326 561 vel
348 497 425 561 locis
449 517 514 560 non
538 497 602 560 illis
628 500 755 561 tantum
785 498 886 562 modis
910 498 1108 565 sentiendum
1132 506 1190 566 est.
1236 502 1297 567 Oo-

110 601 219 685 gitarc
240 623 364 685 quoque
379 601 464 680 licet,
489 598 640 665 Latinum
656 602 828 685 respexisse
844 607 876 666 et
892 603 1073 669 Barnabam
1093 610 1125 669 et
1141 606 1296 671 Hermam

112 705 294 790 horumque
326 706 410 769 dicta
431 705 465 768 in
490 729 589 769 unum
614 707 817 787 conflavisse,
850 711 946 792 atque
968 709 1046 774 haec
1068 712 1227 776 sententia
1249 713 1297 776 illi

110 833 153 874 eo
177 813 282 896 magis
306 811 513 895 praeferenda
537 820 595 889 est,
619 834 691 875 cum
706 812 862 877 Warfield
878 817 1042 897 praeterea
1057 820 1157 899 ponat
1173 839 1297 881 necesse

112 914 167 995 sit,
193 916 354 999 exemplar
376 915 457 979 illud
482 937 557 978 sane
581 915 847 999 antiquissimum,
872 940 934 1001 quo
951 917 1115 983 Barnabas
1138 943 1213 984 usus
1239 925 1297 1001 est,

112 1020 178 1084 iam
191 1024 378 1103 corruptum
391 1019 499 1082 fuisse.
536 1017 691 1084 Similiter
707 1021 801 1085 multi
814 1022 869 1085 alii
887 1023 970 1086 locos
987 1025 1177 1108 scriptorum
1193 1026 1295 1090 diver·

114 1147 223 1188 sorum
255 1125 373 1189 similes
405 1125 439 1188 in
469 1147 569 1187 unum
600 1128 835 1189 contraxerunt.
881 1126 1045 1191 Lectorem
1073 1129 1112 1192 ad
1135 1128 1296 1194 Iustinum

112 1234 293 1313 martyrem
317 1228 436 1292 sufficit
459 1252 641 1313 provocare,
667 1230 721 1314 qui
737 1231 923 1295 mandatum
940 1233 1115 1296 maximum
1138 1235 1187 1298 vel
1204 1258 1295 1300 man-

117 1335 230 1398 datum
255 1336 372 1399 amoris
396 1334 456 1398 Dei
489 1334 621 1417 (Matth.
645 1336 697 1412 22,
721 1336 793 1398 36--
809 1335 863 1419 38)
888 1335 935 1398 ita
957 1336 1095 1421 allegat,
1125 1343 1162 1402 ut
1192 1340 1296 1403 verbis

114 1461 244 1523 quoque
268 1443 387 1519 utatur,
412 1462 494 1523 quae
509 1439 666 1503 Dominus
690 1438 826 1504 Satanae
850 1462 882 1503 se
898 1442 1038 1504 tentanti
1055 1442 1137 1505 dixit
1161 1442 1292 1524 (Matth.

113 1545 147 1624 4,
172 1545 228 1627 10)
252 1546 377 1628 eisque,
411 1548 447 1607 ut
476 1544 541 1607 iam
570 1566 666 1628 supra
688 1544 842 1623 vidimus,
874 1545 970 1608 etiam
1004 1546 1101 1609 verba
1123 1546 1296 1613 Doctrinae

115 1649 335 1731 apostolorum
359 1649 465 1713 addat.
512 1648 647 1732 Scripsit
670 1650 753 1713 enim
778 1650 872 1733 Apol.
897 1649 921 1730 Ι,
950 1651 1007 1714 16:
1028 1648 1084 1725 Ὡς
1107 1652 1141 1714 δὲ
1164 1653 1218 1714 καὶ
1241 1655 1295 1716 τὸν

112 1754 191 1817 θεὸν
218 1754 313 1837 μονον
338 1753 385 1816 δεῖ
406 1764 602 1837 προσκυνεῖν,
627 1756 725 1828 οὕτως
741 1756 863 1818 ἔπεισεν
880 1755 994 1818 εἰπών·
1017 1755 1157 1840 Μεγίστη
1181 1757 1294 1842 ἐντολή

114 1861 199 1922 ἐστι·
225 1858 334 1943 κύριον
357 1862 410 1922 τὸν
433 1860 509 1923 θεον
533 1882 590 1923 σου
613 1859 840 1943 προσκυνήσεις
870 1861 924 1922 καὶ
948 1862 1032 1944 αὐτῷ
1057 1861 1140 1946 μόνῳ
1164 1860 1294 1945 λατρεύ-

114 1986 179 2039 σεις
204 1964 237 2042 ἐξ
261 1965 336 2050 ὅλης
359 1975 415 2050 τῆς
438 1965 571 2049 καρδίας
595 1987 651 2028 σου
674 1967 729 2028 καὶ
753 1964 786 2042 ἐξ
809 1966 883 2050 ὅλης
900 1976 955 2049 τῆς
971 1966 1078 2049 ἰσχύος
1094 1987 1161 2048 σου,
1185 1966 1294 2050 κύριον

114 2070 168 2131 τὸν
192 2068 268 2131 θεὸν
292 2071 344 2131 τὸν
369 2069 542 2152 ποιήσαντά
566 2090 609 2132 σε.
657 2068 747 2144 Quod
771 2070 798 2133 si
822 2069 963 2133 Iustinus
986 2069 1071 2149 fecit,
1095 2075 1183 2134 estne
1207 2071 1294 2134 diffi-

115 2174 208 2238 cilius
232 2174 405 2257 intelleotu‚
429 2175 635 2259 interpretem
656 2179 802 2238 nostrum
821 2175 985 2240 exordium
1001 2174 1173 2240 Doctrinae
1190 2177 1294 2241 verbis

117 2279 285 2343 Barnabae
301 2281 424 2365 aliquot
439 2280 617 2344 illustrasse
634 2286 666 2344 et
679 2281 887 2363 amplificasse
899 2283 994 2363 atque
1006 2279 1173 2344 Barnabae
1189 2281 1294 2344 verbis

116 2404 219 2464 pauca
241 2382 358 2448 similia
381 2407 397 2448 e
420 2384 551 2448 Pastore
578 2383 715 2448 llermae
740 2385 919 2448 addidisse?
997 2442 1000 2449 .
