2918 4890
138 268 193 335 XL
585 267 864 326 rnonncouum.

140 449 234 512 aegre
256 431 391 494 facultas
414 450 523 493 earum
546 427 779 511 implendorum
807 431 856 495 vel
879 454 944 495 non
966 431 1201 517 implendorum
1224 437 1323 501 dare-

139 537 201 612 tur,
227 534 315 598 cuius
338 533 370 596 iu
395 532 549 597 Doctrina
572 534 691 599 mentio
714 535 760 599 fit.
807 535 906 601 Porro
921 538 1079 621 quomodo
1096 539 1148 618 10,
1165 539 1185 602 6
1200 563 1321 605 manus

143 639 359 703 Montanistae
389 638 588 723 agnoscenda
610 640 669 718 sit,
700 640 844 724 equidem
871 664 935 705 non
967 643 1131 726 perspicio,
1178 645 1321 710 Etiamsi

140 742 356 808 Tertullianus
380 742 595 808 Montanismo
626 767 690 808 non
721 745 863 809 addictus
888 745 1025 830 Apolog.
1054 769 1081 812 c.
1105 749 1146 813 39
1176 750 1319 835 scripsit,

142 847 341 913 christianos
365 871 423 932 pro
446 871 535 913 mora
558 850 630 914 finis
653 872 759 928 orare,
789 851 895 934 plures
923 855 1029 916 tamen
1054 852 1224 917 adventum
1250 853 1319 918 Do·

141 954 220 1017 mini
249 958 281 1018 et
309 954 474 1018 interitum
505 954 600 1019 huius
624 955 733 1018 mundi
762 956 938 1021 desiderare
965 960 1146 1040 potuerunt.
1192 957 1320 1023 Deinde

142 1081 224 1143 quae
246 1081 272 1122 c.
291 1059 329 1121 11
356 1063 387 1122 91
412 1059 451 1123 13
475 1060 575 1138 9115,
596 1060 610 1121 l
636 1060 674 1123 de
691 1059 855 1144 prophetis
871 1066 903 1125 et
918 1061 1069 1146 apostolis
1085 1065 1117 1125 et
1132 1061 1319 1127 doctoribus

140 1166 309 1249 leguntur,
342 1186 378 1227 ea
409 1186 484 1227 sane
506 1163 545 1226 ad
568 1161 783 1228 Montanistas
806 1166 970 1231 referenda
992 1170 1114 1245 essent,
1144 1168 1172 1231 si
1194 1167 1318 1233 librum

141 1275 213 1353 post
234 1269 394 1334 saeculum
411 1267 443 1332 ll
466 1268 603 1333 medium
627 1273 772 1333 exortum
796 1293 862 1335 esse
878 1275 1047 1336 constaret.
1085 1270 1142 1336 sin
1157 1272 1319 1356 scriptura

143 1376 208 1439 iam
231 1374 354 1440 saeculo
378 1373 393 1437 l
416 1377 547 1437 exeunte
570 1372 712 1437 confecta
735 1378 798 1451 est,
829 1396 893 1438 non
917 1376 1067 1460 estquod
1091 1376 1128 1440 de
1150 1376 1319 1461 prophetis

142 1480 415 1545 schismaticorum
447 1477 576 1541 illorum
606 1479 792 1562 cogitamus.
838 1477 961 1545 Nomen
987 1480 1163 1554 ἀπόστολος
1187 1483 1318 1566 quidem

143 1584 328 1668 Hilgenfeld
352 1581 550 1647 acatholicis
566 1604 729 1665 nunquam
745 1583 875 1647 cuilibet
891 1586 1101 1667 praedicatori
1116 1587 1189 1650 fidei
1205 1586 1319 1650 datum

147 1713 213 1755 esse
236 1688 325 1753 dixit.
372 1685 484 1770 Neque
501 1708 575 1750 vero
593 1709 707 1751 nomen
723 1689 806 1772 apud
822 1687 1034 1755 Montanistas
1049 1692 1203 1756 usitatum
1220 1691 1320 1756 fuisse

143 1793 291 1858 ostendit.
338 1791 482 1874 Denique
503 1814 606 1875 neque
629 1815 666 1856 ex
690 1793 744 1872 eis,
769 1816 849 1877 quae
872 1793 1062 1879 Apollonius
1085 1797 1135 1861 191
1157 1796 1319 1861 Eusebius

143 1899 183 1962 Η.
208 1898 245 1962 Ε.
269 1897 310 1977 V,
337 1898 374 1961 18
398 1896 511 1975 refert,
543 1895 662 1960 scilicet
684 1896 873 1961 Montanum
904 1900 1080 1964 doctrinam
1103 1923 1193 1965 suam
1224 1923 1319 1985 prae-

146 2004 324 2069 dicantibus
347 2001 463 2066 salaria
485 2002 683 2086 praebuisse,
715 2007 751 2066 ut
773 2025 830 2087 per
852 2004 976 2068 foedam
998 2004 1118 2068 ventris
1140 2004 1320 2088 ingluviem

144 2108 289 2173 doctrina
311 2107 559 2184 convalesceret,
591 2105 776 2169 Doctrinam
802 2108 852 2186 ll,
875 2108 961 2171 4-6
984 2109 1022 2172 de
1045 2108 1319 2192 praedicatoribus

144 2213 414 2279 Montanistarum
443 2212 531 2295 loqui
560 2210 773 2295 colligendum
805 2215 862 2276 est.
917 2210 994 2277 Inde
1025 2213 1110 2296 quod
1143 2211 1320 2278 Montanus

144 2318 413 2403 praedicatoribus
444 2317 605 2381 doctrinae
636 2338 710 2380 suae
733 2315 848 2380 salarie
870 2316 1034 2400 praebuit,
1064 2316 1218 2382 Doctrina
1241 2341 1319 2383 vero

143 2423 294 2508 apostolis
318 2422 446 2486 omnino
468 2421 641 2499 interdicit,
665 2443 704 2485 ne
727 2421 890 2504 pecuniam
914 2422 1088 2504 accipiant,
1119 2422 1226 2506 potius
1249 2423 1318 2488 eius

145 2533 306 2592 auctorem
329 2550 348 2590 a
369 2526 513 2611 partibus
537 2525 806 2590 Montanistarum
822 2548 884 2590 non
900 2526 1025 2590 stetisse
1040 2527 1184 2591 concludi
1201 2532 1317 2610 potest.

226 2633 345 2708 Quodsi
357 2630 526 2696 nonnullas
538 2630 617 2695 alias
629 2630 802 2695 sententias
810 2631 904 2714 plane
914 2631 1011 2695 falsas
1022 2633 1319 2716 praetermittimus,

145 2742 177 2805 id
193 2739 295 2804 solum
314 2737 486 2821 quaeritur,
504 2758 580 2799 num
597 2739 707 2799 auctor
723 2734 922 2800 Christianus
938 2759 954 2800 9
970 2735 1093 2802 Iudaeis
1109 2739 1152 2801 sit
1168 2760 1208 2801 an
1224 2737 1320 2802 Chri-

147 2846 302 2910 stianuse
324 2840 497 2927 gentilibus
520 2841 579 2919 191,
603 2844 640 2903 ut
662 2845 791 2905 vocatus
814 2845 871 2920 est,
895 2839 1096 2907 Christianus
1112 2866 1129 2907 9
1144 2842 1320 2927 gentilibus

144 2950 296 3033 vulgaris.
325 2948 417 3012 Hanc
433 2946 621 3011 sententiam
636 2946 820 3030 praesertim
833 2945 1015 3029 Harnack¹)
1029 2951 1146 3025 tuetur,
1157 2946 1247 3011 illam
1260 2946 1319 3012 Sa-

147 3054 257 3132 batier,
281 3051 392 3117 Schaff
404 3057 435 3116 et
450 3052 556 3135 plures
574 3051 637 3114 alii.
678 3049 833 3114 Iudicium
849 3052 986 3115 maxime
1001 3074 1039 3116 91
1055 3053 1318 3135 interpretatione

146 3159 231 3222 vocis
255 3157 368 3241 βρῶσις
392 3157 421 3236 6,
446 3158 466 3220 3
490 3156 613 3239 pendet.
655 3155 755 3218 Estne
778 3177 840 3218 191
863 3156 900 3219 de
924 3155 1048 3240 legibus
1064 3154 1189 3221 Veteris
1206 3155 1317 3221 Testa·

144 3265 243 3327 menti
265 3262 392 3326 cibariis
415 3260 629 3344 intellegenda
651 3282 692 3323 an
714 3260 752 3324 de
768 3261 865 3323 ascesi
890 3260 1026 3343 quadam
1049 3261 1086 3324 ad
1103 3261 1189 3325 cibos
1213 3266 1244 3325 et
1266 3263 1318 3325 in·

147 3366 257 3450 primis
281 3388 368 3429 esum
391 3365 534 3428 carnium
557 3368 739 3447 spectante?
768 3362 847 3428 Cum
870 3365 926 3428 illa
948 3366 1176 3450 interpretatio·
1193 3367 1317 3451 praefe-

145 3471 242 3535 renda
273 3470 334 3547 sit,
367 3470 523 3553 scriptura
546 3493 564 3533 9
588 3467 769 3533 christiano
799 3491 815 3533 e
842 3469 1078 3534 circumcisione
1100 3475 1229 3534 exarata
1252 3492 1318 3536 esse

144 3574 287 3659 putanda
310 3578 366 3637 est.
412 3570 498 3636 Idem
523 3573 624 3637 elucet
647 3595 685 3636 91
710 3574 760 3651 13,
778 3576 808 3653 3,
831 3575 885 3638 ubi
910 3580 1019 3639 auctor
1042 3575 1181 3640 officium
1205 3575 1318 3658 primi·

143 3681 261 3745 tiarum
284 3677 447 3762 prophetis
470 3676 701 3741 offerendarum
727 3701 763 3743 eo
786 3680 910 3763 probat,
936 3682 1019 3764 quod
1035 3681 1209 3765 prophetae
1225 3678 1318 3744 chri-

144 3785 320 3849 stianorum
344 3783 498 3865 ἀρχιερεῖς
522 3783 597 3861 91111,
619 3787 651 3846 91
674 3805 712 3846 91
737 3786 787 3862 13,
812 3786 848 3862 5,
872 3785 926 3848 ubi
950 3786 1033 3851 idem
1056 3785 1207 3865 officium,
1231 3786 1317 3850 b'aud

145 3892 238 3955 dubie
260 3888 360 3954 Vetus
376 3887 615 3953 Testamentum
639 3891 817 3973 respiciens,
840 3892 1027 3976 simpliciter
1050 3891 1235 3955 mandatum
1258 3913 1317 3954 no-

144 3997 255 4060 minat.
301 3993 375 4058 Non
392 3994 524 4058 minoris
540 3994 693 4058 momenti
709 4001 766 4075 est,
790 3996 873 4080 quod
890 4001 1000 4060 auctor
1017 3997 1045 4074 l,
1063 3999 1083 4060 3
1099 3995 1168 4059 1991
1183 3994 1319 4058 biblicae

216 4221 240 4288 ι)
259 4218 300 4272 or.
318 4219 373 4273 119
391 4220 573 4289 Apostolum
590 4239 617 4290 p.
638 4220 749 4278 14-20,
