2918 4890
210 340 289 409 xlv
653 336 937 396 raounuounm.

211 503 311 587 patris
334 505 367 565 01
388 501 447 564 filii
479 504 511 565 et
533 501 663 584 spiritus
687 501 787 563 sancti
816 501 849 562 in
873 501 1089 565 remissionem
1111 506 1329 584 peccatorum,
1355 506 1388 566 01

211 605 428 690 praeciperent
450 607 505 686 eis,
528 608 565 668 ut
588 604 768 668 recederent
791 605 919 668 avitiis
943 604 1071 685 diaboli,
1093 605 1126 668 id
1149 609 1197 669 est
1220 606 1260 669 ab
1277 606 1385 669 homi-

211 711 302 789 cidio,
326 732 345 773 a
367 709 468 786 furto,
493 732 512 772 a
532 709 687 792 periurio,
712 731 730 771 a
752 709 979 788 fornicatione,
1004 709 1043 771 ab
1066 710 1220 773 ebrietate
1243 714 1275 774 01
1298 711 1388 773 omni

211 815 289 878 11110
312 814 406 889 malo,
442 818 474 877 01
497 813 581 897 quod
604 813 665 877 sibi
687 835 752 876 non
775 813 884 892 velint,
912 814 967 877 alii
989 835 1053 877 non
1076 813 1207 878 faciant.
1254 813 1312 879 sin
1327 837 1387 877 au-

211 925 276 984 tem
298 920 345 982 ita
367 922 424 997 est,
447 918 602 982 Doctrina
624 918 833 1002 probabiliter
858 919 1003 983 habenda
1025 923 1073 982 est
1095 919 1177 998 fons,
1201 941 1218 982 e
1238 941 1302 1003 quo
1318 918 1386 982 for-

212 1024 299 1087 mula
322 1022 379 1086 illa
402 1023 505 1086 fluxit.

298 1127 377 1192 Cum
405 1128 439 1190 in
468 1126 604 1190 secundo
633 1125 815 1209 fragmento
845 1146 864 1187 a
894 1124 1011 1189 Christ.
1042 1125 1131 1189 Pfaff
1164 1125 1222 1189 sub
1257 1126 1387 1191 nomine

211 1233 228 1295 I
243 1256 260 1296 r
276 1255 325 1296 en
338 1255 356 1295 a
369 1232 408 1295 ei
431 1231 561 1294 invento
586 1229 658 1311 (Ed.
675 1228 798 1293 Stieren
813 1227 839 1307 Ι,
856 1229 932 1302 854)
947 1230 1083 1313 legatur,
1101 1251 1163 1308 eos,
1184 1230 1238 1313 qui
1255 1230 1387 1294 ultimas

213 1337 430 1421 apostolorum
453 1321 858 1398 constitutiones'assecuti
881 1337 956 1397 sunt
985 1333 1029 1416 (ot
1051 1343 1117 1408 ταῖς
1140 1332 1300 1416 δευτέραις
1323 1343 1387 1397 τῶν

213 1439 398 1503 ἀποστόλων
422 1437 579 1514 διατάξεσι
601 1436 956 1521 παρηκολουοηκὸτες),
981 1437 1154 1502 Dominum
1177 1439 1302 1502 novisse
1327 1461 1387 1502 no-

213 1568 289 1609 vum
311 1543 500 1608 sacrificium
522 1543 556 1605 in
571 1564 654 1606 novo
669 1546 860 1606 testamento
882 1543 1059 1607 instituisse
1078 1545 1248 1608 secundum
1264 1544 1385 1608 dictum

215 1649 391 1713 Malachiae
406 1647 580 1732 prophetae
604 1647 633 1725 l,
653 1645 703 1726 11,
727 1650 823 1729 atque
842 1645 926 1709 idem
942 1646 1061 1710 dictum
1076 1648 1110 1711 in
1125 1647 1279 1712 Doctrina
1296 1649 1350 1727 14,
1366 1651 1387 1712 3

213 1755 380 1839 allegetur,
404 1751 584 1836 Bryennius
615 1752 649 1814 in
673 1751 878 1815 adnotatione
907 1752 946 1815 ad
973 1752 1059 1816 hunc
1080 1752 1185 1816 locum
1215 1753 1389 1818 verisimile

214 1859 395 1938 declaravit,
420 1855 566 1939 δευτέρας
588 1857 660 1920 11110
682 1865 744 1919 τῶν
760 1855 946 1919 ἀποστόλων
968 1844 1120 1934 διατόξεῖς
1139 1859 1270 1923 eandem
1285 1859 1388 1942 scrip·

214 1970 320 2029 turam
352 1985 419 2027 esse
447 1984 519 2027 cum
545 1961 699 2025 Doctrina
729 1962 954 2046 apostolorum.
1000 1962 1046 2026 Et
1070 1967 1154 2026 reete
1182 1964 1327 2047 quidem,
1360 1965 1388 2027 si

214 2069 430 2153 fragmentum
453 2070 501 2130 est
523 2066 661 2149 episcopi
676 2065 905 2149 Lugdunensis.
952 2065 1029 2130 01111
1055 2070 1161 2131 autem
1177 2069 1308 2131 dubium
1332 2068 1386 2147 sit,

214 2179 250 2237 ut
273 2172 451 2257 Bryennius
473 2171 540 2254 ipse
563 2172 669 2251 sentit,
692 2193 733 2234 an
755 2171 971 2255 fragmentum
993 2169 1123 2235 Irenaeo
1146 2171 1188 2234 sit
1204 2171 1387 2234 attribuen-

217 2279 302 2356 dum,
327 2275 483 2340 sententia
505 2297 569 2339 101
592 2280 640 2339 001
662 2280 757 2340 00111.
802 2272 837 2339 Si
858 2276 955 2339 verba
976 2276 1033 2338 illa
1050 2276 1130 2339 libro
1146 2276 1240 2339 alicui
1255 2274 1387 2339 Irenaeo

215 2379 384 2464 posteriori
408 2378 616 2442 adiudicanda
631 2383 715 2459 sunt,
735 2379 831 2442 etiam
848 2380 888 2442 ad
903 2378 1152 2444 Constitutiones
1169 2379 1387 2464 apostolorum

219 2483 289 2563 Vll,
313 2486 355 2549 30
378 2483 489 2547 referri
511 2487 652 2567 possunt.

303 2589 359 2654 Sin
382 2588 547 2653 Irenaeum
570 2588 756 2652 Doctrinam
779 2588 893 2672 legisse
915 2589 1045 2672 probari
1066 2589 1187 2673 nequit,
1210 2589 1387 2654 Clemens

215 2693 523 2758 Alexandrinus
554 2692 699 2775 pluribus
730 2693 806 2756 locis
840 2692 958 2755 librum
991 2692 1076 2756 baud
1110 2694 1204 2758 dubie
1237 2693 1387 2776 respexit.

215 2799 374 2882 Protrept.
398 2821 424 2862 c.
450 2799 500 2875 10,
526 2797 587 2860 108
611 2820 641 2880 p.
666 2798 725 2874 85;
749 2796 885 2882 Paedag.
910 2795 952 2874 H,
971 2798 1021 2876 10,
1039 2799 1080 2861 89
1103 2821 1135 2881 p.
1152 2800 1231 2876 223;
1255 2797 1313 2877 ΙΠ,
1332 2799 1386 2877 12,

215 2906 256 2969 89
279 2928 310 2988 p.
334 2906 397 2968 305
420 2906 545 2987 praeter
567 2902 757 2966 adulterium
780 2901 831 2966 vel
853 2903 1097 2967 fornicationem
1120 2926 1290 2986 puerorum
1313 2924 1386 2966 cor·

217 3011 398 3093 ruptionem
420 3013 574 3091 tanquam
597 3011 760 3091 peccatum
782 3009 816 3071 in
838 3007 922 3092 Iege
952 3008 1002 3073 vel
1024 3031 1043 3072 a
1065 3008 1153 3073 Mose
1179 3009 1387 3072 interdictum

215 3114 351 3196 allegat,
384 3119 467 3178 certe
490 3113 677 3177 Doctrinam
701 3115 735 3193 2,
760 3115 779 3176 2
802 3117 876 3177 1110
899 3113 1007 3177 oculos
1029 3114 1168 3194 habens,
1199 3115 1254 3176 ubi
1277 3113 1388 3177 eadem

214 3215 375 3298 leguntur,
392 3239 464 3280 cum
479 3217 664 3280 mandatum
680 3217 717 3278 οὐ
732 3215 999 3298 παιδοφοορήσεις
1014 3217 1049 3279 11
1064 3215 1094 3280 S.
1113 3215 1276 3300 Scriptura
1292 3217 1385 3280 desit.

215 3318 252 3381 11
276 3319 359 3384 libro
383 3322 460 3397 Quis
477 3322 562 3385 dives
581 3321 721 3385 salvetur
744 3342 770 3383 c.
787 3322 829 3383 29
852 3321 999 3384 0111111101
1022 3342 1058 3383 ac
1080 3319 1234 3383 Doctrina
1256 3322 1286 3399 9,
1304 3322 1323 3382 2
1347 3321 1388 3385 de

215 3425 369 3505 sanguine
391 3425 466 3488 vitis
488 3425 592 3489 David
616 3425 747 3508 loquens
771 3448 804 3488 se
825 3447 890 3488 non
914 3425 1017 3488 solum
1038 3425 1185 3507 primam,
1210 3426 1264 3488 sed
1287 3426 1385 3488 etiam

215 3529 382 3591 secundam
405 3529 580 3612 scripturae
601 3534 725 3611 partem
747 3529 910 3613 cognitam
933 3527 1082 3592 habuisse
1104 3530 1221 3612 prodit.
1267 3527 1386 3594 Srom.

214 3631 241 3710 l,
265 3632 317 3709 20,
342 3632 403 3695 100
426 3655 455 3715 p.
479 3633 541 3696 377
566 3633 717 3716 denique,
741 3634 839 3697 verba
861 3633 1032 3697 Doctrinae
1055 3635 1085 3712 3,
1110 3635 1129 3697 5
1154 3634 1317 3718 allegans,
1345 3634 1388 3696 li-

215 3737 308 3799 brum
332 3734 528 3819 Scripturam
550 3738 702 3802 nominat.
741 3737 787 3802 Cf.
812 3739 918 3802 adnot.
942 3739 982 3801 ad
1004 3738 1089 3801 locos
1105 3738 1260 3802 laudatos.
1306 3737 1388 3801 Pro-

217 3840 368 3905 babiliter
390 3840 607 3924 fragmentum
630 3865 764 3926 quoque,
789 3844 873 3927 quod
895 3843 928 3906 in
944 3841 1076 3907 Nicetae
1092 3846 1202 3905 catena
1217 3843 1251 3904 in
1267 3841 1387 3908 Matth.

217 3946 247 4022 5,
270 3945 311 4007 42
336 3949 367 4009 01
389 3945 423 4007 11
446 3946 638 4011 editionibus
661 3945 832 4010 Clementis
855 3945 965 4027 (Klotz
987 3944 1045 4025 IV,
1069 3945 1110 4009 09
1130 3946 1192 4030 sq.)
1215 3947 1274 4009 sub
1289 3945 1387 4011 huius

215 4050 342 4114 nomine
357 4040 486 4135 legitur,
503 4051 542 4114 ad
553 4051 740 4116 Doctrinam
757 4051 954 4116 referendum
971 4053 1027 4128 est,
1044 4051 1168 4114 etiamsi
1184 4050 1270 4115 locus
1286 4073 1387 4134 prope

215 4153 311 4216 etiam
326 4154 366 4217 ad
377 4153 514 4218 Hermae
523 4155 710 4220 Mandatum
729 4154 769 4234 II,
781 4156 866 4219 4-5
884 4155 1011 4219 accedit.
1048 4156 1096 4220 cf.
1118 4156 1179 4221 loci
1195 4179 1291 4240 supra
1308 4179 1339 4239 p.
1356 4155 1386 4219 X

214 4258 407 4340 transcripti.
454 4258 683 4344 Fragmentum
699 4265 803 4324 autem
827 4259 887 4324 hoc
903 4264 968 4323 est:
994 4257 1142 4344 1101ητὲον
1165 4260 1386 4345 ἐλεημοσύνας,
