2918 4890
501 1465 902 1574 PRAEFATIO.

200 1821 354 1887 Doctrina
369 1819 533 1884 duodecim
549 1819 766 1903 apostolorum
787 1823 957 1904 postquam
981 1819 1146 1903 complura
1162 1818 1288 1886 saecula

112 1951 153 1992 ex
176 1927 278 1991 verbis
300 1925 497 2011 paucissimis
520 1928 647 1989 tantum
670 1924 800 2010 cognita
821 1924 903 2005 fuit,
935 1947 1016 2009 quae
1038 1928 1159 1990 veteres
1190 1925 1288 1990 daea

37 2100 41 2107 ,
112 2030 397 2109 communicarunt,
412 2033 545 2093 exeunte
562 2051 644 2093 anno
663 2029 747 2094 1883
763 2029 891 2094 tandem
904 2053 923 2093 a
934 2028 1104 2095 Philotheo
1117 2030 1288 2116 Bryennio,

114 2134 318 2220 metropolita
346 2133 597 2215 Nicomediensi,
632 2134 702 2198 viro
731 2134 769 2199 de
798 2135 915 2199 litteris
947 2134 1129 2200 christianis
1162 2136 1289 2221 egregie

112 2240 245 2320 merito,
275 2241 309 2304 in
332 2240 436 2304 lucem
459 2239 544 2304 edita
567 2243 624 2304 est.
670 2237 835 2324 Scriptura
859 2241 993 2306 eumad
1016 2241 1180 2306 eeclesiam
1202 2241 1288 2305 anti-

112 2345 300 2430 quissimam
322 2345 548 2409 illustrandam
571 2345 764 2429 permultum
790 2344 949 2425 conferat,
979 2344 1147 2410 confestim
1171 2346 1289 2430 ubique

112 2454 282 2529 terrarum,
311 2449 392 2514 citra
414 2453 445 2514 et
467 2450 553 2514 ultra
574 2471 742 2529 oceanum,
772 2449 911 2515 maximo
934 2472 1005 2515 cum
1028 2450 1133 2515 studio
1156 2451 1290 2516 investi-

113 2555 263 2639 gabatur,
287 2558 320 2619 et
341 2554 402 2620 hoc
423 2560 566 2640 ternpore
589 2557 653 2620 iarn
669 2555 796 2620 ducenti
811 2555 878 2621 fere
893 2556 1028 2622 maiores
1043 2556 1180 2621 minores
1203 2561 1288 2621 trac-

113 2663 202 2724 tatus
234 2661 272 2726 de
294 2683 331 2727 ea
359 2662 484 2748 vulgati
507 2665 592 2726 sunt.
637 2659 748 2726 Plures
780 2661 840 2725 viri
870 2662 954 2727 docti
986 2665 1110 2727 textum
1138 2683 1288 2748 graecum

115 2764 308 2830 reoudebant
337 2770 370 2831 et
398 2766 656 2831 adnotationibus
687 2766 911 2847 illustrabant,
942 2766 999 2831 alii
1032 2767 1222 2851 scripturam
1254 2766 1289 2829 in

115 2867 260 2954 linguam
283 2873 421 2956 patriam
444 2873 620 2938 vertebant.
666 2871 823 2956 Equidem
854 2895 929 2937 mox
951 2872 1194 2937 translationem
1215 2891 1288 2955 ger·

115 2975 273 3041 manicam
288 2963 424 3041 institui.
463 2977 601 3043 Textum
616 2998 765 3063 graecum
781 2977 862 3041 mihi
877 2978 1101 3062 publicandum
1119 2997 1185 3042 esse
1200 2978 1289 3039 ratus

116 3104 198 3163 sum,
222 3082 348 3166 quando
370 3082 504 3148 Patrum
528 3082 774 3167 apostolicorum
797 3104 893 3166 opera
915 3082 1018 3147 denuo
1041 3081 1160 3146 edenda
1175 3084 1288 3148 essent.

116 3187 197 3254 Oum
219 3192 327 3253 autem
350 3188 387 3253 de
410 3190 568 3274 scriptura
589 3188 683 3272 plane
707 3209 790 3252 nova
812 3186 968 3271 copiosius
995 3191 1091 3272 atque
1113 3186 1291 3251 accuratius

117 3293 278 3379 agendum
302 3298 402 3375 esset,
434 3316 530 3377 quam
559 3294 598 3358 ed
621 3293 792 3358 editionem
814 3291 905 3356 illam
934 3292 1203 3357 accommodatum
1234 3296 1291 3373 est,

117 3399 320 3463 monentibus
336 3399 413 3464 viris
429 3399 531 3465 doctis
546 3400 702 3484 pluribus,
726 3399 810 3464 inter
826 3421 906 3484 quos
922 3403 969 3464 est
984 3398 1048 3480 ille,
1072 3399 1161 3463 ouius
1176 3421 1292 3463 nomen

118 3501 244 3569 illustre
265 3503 379 3570 folium
401 3505 590 3589 praecedens
613 3506 757 3584 adornat,
781 3504 914 3585 decrevi,
937 3508 973 3569 ut
995 3504 1185 3588 scripturam
1201 3524 1292 3588 sepa-

117 3609 214 3674 ratim
237 3609 368 3677 ederem.
415 3610 506 3688 Quod
529 3611 694 3676 consilium
719 3632 755 3676 eo
776 3610 929 3676 libentius
955 3609 1033 3694 cepi,
1058 3610 1142 3694 quod
1157 3607 1292 3674 occasio·

118 3736 190 3778 nem
215 3716 303 3782 dedit
325 3717 555 3801 exemplarium
578 3715 713 3781 Petrum
736 3717 1003 3801 apostolicorum,
1032 3737 1113 3800 quae
1136 3713 1238 3779 adhuc
1259 3714 1294 3778 in

117 3827 269 3908 promptu
291 3828 392 3905 erant,
415 3826 621 3889 monumento
644 3823 700 3887 illo
716 3821 938 3906 antiquissimo
954 3825 1050 3905 atque
1064 3819 1292 3904 pretiosissimo

118 3929 346 4013 augendorum,
363 3930 510 4015 quodque
524 3928 698 3994 Doctrinae
713 3927 931 4012 apostolorum
946 3927 1121 4010 scripturae
1133 3924 1293 3990 addendae

118 4034 226 4112 erant,
257 4056 338 4118 quae
360 4035 400 4099 ab
423 4057 459 4100 ea
482 4034 676 4118 dependent,
699 4033 765 4098 sive
788 4054 858 4097 earn
881 4036 984 4097 totam
1006 4032 1073 4096 sive
1094 4033 1219 4113 partem
1242 4053 1292 4097 re-

115 4137 283 4221 petebant,
305 4140 451 4225 inprimis
474 4138 616 4205 Oenones
640 4143 822 4204 sanctorum
845 4137 1066 4222 apostolorum
1089 4135 1292 4210 ecclesiastici

117 4246 149 4311 et
172 4241 443 4311 Constitutionum
467 4247 682 4330 apostolorum
705 4245 788 4311 liber
810 4245 973 4331 septimus.
