2918 4890
202 310 243 372 92
634 304 944 361 CONSTITUTIONES

202 476 302 531 ταῦτα
325 467 543 551 ἐπιτελοῦμεν,
572 466 668 530 αὐτοῦ
699 464 924 548 διαταξαμένου
959 466 1031 550 ημῖν
1060 463 1291 548 καταγγέλλειν
1323 463 1378 524 τὸν

202 575 298 636 αὐτοῦ
321 573 475 637 θάνατον·
499 570 537 636 δι’
552 572 647 636 αὐτοῦ
670 571 732 655 γάρ
755 597 796 632 σοι
818 573 872 635 καί
895 581 995 646 ἡοοξα
1017 582 1055 643 είς
1072 581 1131 642 τοῦς
1149 582 1260 641 κίωνας·
1283 565 1377 651 ἀμην.

203 680 232 743 5.
256 690 355 753 Μηδείς
372 690 402 739 δέ
413 688 522 743 έσύιέτω
535 689 563 750 ές
577 688 662 739 αὐτῶν
680 684 741 740 τῶν
765 675 921 761 ἀμυήτων,
940 686 1012 737 ἀλλὰ
1032 676 1118 760 μύνοι
1141 689 1166 736 σί
1185 684 1379 750 βεβαπτισμένοι

202 795 240 854 εις
257 792 300 842 τον
318 796 363 842 τοῦ
382 795 474 854 κυρίου
498 779 646 845 θάνατον.
692 782 722 845 6.
752 779 791 844 Et
813 780 848 844 δέ
876 801 921 856 τις
944 780 1080 865 ἀμύητος
1113 779 1237 864 κρύψας
1265 777 1379 842 ἑαυτὸν

163 905 175 941 ι
203 885 375 972 μεταλάβῃ,
399 885 495 968 κρίμα
518 885 640 949 αἰώνιον
664 886 806 970 φάγεται,
830 887 876 949 ὅτι
899 890 941 970 μη
965 886 1007 950 ὢν
1030 895 1085 971 της
1108 887 1151 962 είς
1174 883 1311 969 Χριστὸν
1328 881 1377 945 πί-

203 1011 301 1064 στεως
324 989 493 1076 μετέλαβεν
517 991 559 1054 ὧν
583 992 619 1054 οὐ
635 991 737 1076 θέμις,
760 993 803 1066 εἰς
819 991 966 1075 τιμωρίαν
983 990 1112 1055 ἑαυτοῦ·
1136 991 1163 1054 εί
1180 988 1216 1053 δέ
1231 1010 1276 1065 τις
1291 990 1378 1052 κατὰ

204 1097 329 1179 ἀγνοιαν
354 1094 538 1181 μεταλάβοι,
568 1104 677 1158 τοῦτον
700 1094 807 1179 τάχιον
831 1094 1086 1180 στοιχειύσαντες
1110 1095 1267 1180 μυήσατε,
1292 1093 1379 1168 ὅπως

204 1202 246 1283 μὴ
269 1202 509 1284 καταφρονητὴς
532 1198 667 1277 ἐξέλθοι.

291 1303 408 1369 XXVI.
446 1315 519 1366 Μετὰ
531 1317 561 1366 δέ
572 1316 618 1381 τἠν
630 1315 774 1382 μετάληψιν
787 1315 871 1378 οὐτως
889 1315 1104 1382 εὐχαριστήσατε·
1123 1313 1148 1365 2.
1167 1313 1380 1378 Εὐχαριστοῦμὲν

165 1432 189 1466 10
203 1434 251 1481 σοι,
275 1409 292 1471 6
315 1409 391 1485 θεὸς
414 1411 469 1473 καί
487 1420 572 1485 πατὴρ
594 1407 697 1494 Ἰησοῦ
721 1419 776 1473 τοῦ
800 1419 941 1495 σωτῆρος
955 1410 1054 1495 ἡμῶν,
1080 1420 1145 1484 ὑπὲρ
1162 1422 1208 1470 τοῦ
1226 1418 1378 1483 ἀγίουόνό-

203 1528 283 1591 ματος
301 1542 347 1578 σου
366 1522 395 1578 οὐ
413 1528 617 1593 κατεσκηνωσας
637 1527 664 1577 έν
684 1527 751 1593 ημῖν,
771 1529 817 1577 καί
836 1527 900 1591 ὑπὲρ
917 1530 963 1591 τῆς
981 1526 1104 1591 γνώσεως
1123 1527 1169 1575 καί
1187 1526 1299 1586 πίστεως
1321 1513 1379 1574 καί

205 1621 329 1706 ἀγάπης
353 1635 399 1682 καί
424 1633 571 1696 ἀθανασίας
594 1629 627 1699 ἧς
650 1634 754 1696 ἔδωκας
776 1633 835 1699 ἡμῖν
858 1633 900 1683 διά
917 1628 1005 1697 Ἰησοῦ
1023 1634 1068 1682 τοῦ
1086 1631 1177 1692 παιδός
1195 1644 1250 1680 σου.
1287 1625 1311 1680 3.
1331 1627 1378 1691 Σύ,

204 1737 318 1786 δέσποτα
337 1739 525 1810 παντοκράτορ,
549 1728 566 1790 ὁ
589 1728 665 1802 θεὸς
687 1737 749 1792 τίύν
773 1727 863 1803 ὅλων,
889 1739 903 1787 6
922 1740 1013 1800 κτίσας
1030 1739 1074 1789 τὸν
1092 1739 1191 1803 κόσμον
1210 1725 1264 1787 καί
1287 1725 1326 1786 τὰ
1343 1723 1377 1786 ἐν

205 1832 289 1915 αὐτῷ
313 1830 351 1895 δι’
375 1835 488 1915 αὐτοῦ,
519 1836 574 1897 καί
603 1834 697 1919 νόμον
720 1834 955 1917 κατεφύτευσας
988 1835 1020 1898 έν
1053 1843 1120 1908 ταῖς
1143 1832 1258 1917 ψυχαῖς
1288 1830 1379 1915 ημῶν

166 1954 190 1989 15
204 1950 252 1996 καί
271 1949 303 1998 τά
320 1948 385 2013 πρὸς
403 1948 548 2015 μετάληψιν
566 1951 767 2014 προευτρέπισας
786 1949 947 2014 ἀνθρώποις·
974 1939 990 2001 ὁ
1012 1938 1088 2013 θεὸς
1117 1946 1179 2001 τῶν
1203 1935 1300 2022 ἁγίων
1322 1936 1379 1998 καί

205 2042 377 2126 ἀμέμπτων
398 2043 542 2128 πατέρων
565 2044 671 2129 ἡμῶν,
695 2041 841 2129 Ἀβραάμ
863 2045 917 2106 καί
939 2041 1050 2107 Ἰσαὰκ
1074 2045 1128 2107 καί
1150 2040 1285 2126 Ἰακώβ,
1315 2047 1379 2103 τῶν

204 2157 320 2212 πιστῶν
345 2149 465 2213 δούλων
489 2171 563 2213 σου·
587 2149 604 2212 δ
628 2149 758 2223 δυνατὸς
780 2149 874 2229 ύεύς,
902 2149 918 2211 6
941 2151 1049 2224 πιστδς
1071 2149 1126 2212 καί
1149 2146 1301 2231 ἀληύινδς
1323 2145 1380 2207 καί

205 2251 345 2338 ἀψευδὴς
378 2254 410 2317 έν
432 2264 500 2329 ταῖς
524 2254 742 2339 ἐπαγγελίαις·
777 2254 794 2316 6
817 2254 1005 2329 ἀποστείλας
1029 2254 1078 2317 ἐπί
1101 2263 1159 2337 γῆς
1181 2249 1302 2336 Ἰησοῦν
1325 2251 1379 2312 τὸν

204 2353 340 2439 Χριστόν
364 2380 420 2422 σου
444 2358 623 2442 ἀνθρώποις
645 2368 938 2444 συναναστραφῆναι
953 2358 995 2435 ὡς
1011 2358 1190 2439 ἄνθρωπον,
1212 2355 1290 2419 θεὸν
1303 2355 1378 2418 ύντα

166 2479 191 2516 20
205 2459 300 2545 λύγον
324 2466 378 2528 καί
401 2465 581 2548 ἄνθρωπον,
604 2467 659 2528 καί
680 2468 737 2550 την
752 2464 873 2549 πλάνην
888 2464 1056 2548 πρόρριζον
1072 2461 1210 2527 ἀνελεῖν·
1235 2461 1265 2525 4.
1283 2459 1379 2535 αὐτὸς

204 2569 259 2628 καί
282 2577 334 2632 νύν
358 2568 396 2632 δι’
417 2572 512 2635 αὐτοῦ
536 2582 663 2647 μνήσθητι
679 2585 726 2648 τῆς
745 2571 836 2655 ἁγίας
859 2597 905 2632 σου
925 2580 1071 2647 ἐκκλησίας
1092 2569 1216 2652 ταύτης,
1239 2566 1278 2650 ἢν
1294 2585 1381 2646 περί·

205 2674 341 2758 εποιησω
365 2685 408 2761 τῷ
431 2677 518 2762 τιμίῳ
543 2681 648 2763 αίματι
667 2685 722 2741 τοῦ
738 2676 877 2762 Χριστοῦ
893 2697 959 2758 σου,
978 2688 1026 2735 καί
1038 2688 1110 2750 ῥῦσαι
1123 2682 1202 2746 αὐτὴν
1215 2683 1269 2733 ἀπὸ
1282 2682 1380 2742 παντὸς

204 2795 320 2853 πονηροῦ
337 2796 383 2843 καί
400 2795 539 2846 τελείωσον
558 2795 637 2861 αὐτὴν
660 2796 688 2846 έν
706 2799 737 2859 τῇ
757 2794 848 2860 ἀγάπη
867 2809 913 2844 σου
935 2783 990 2843 καί
1012 2789 1051 2864 τη
1074 2777 1211 2864 ἀληθείᾳ
1233 2799 1309 2857 σου,
1332 2789 1380 2837 καί

204 2893 338 2959 συνάγαγε
362 2889 481 2963 πάντας
503 2890 586 2974 ἡμᾶς
606 2902 644 2961 είς
656 2899 703 2963 τὴν
715 2898 763 2962 σὴν
775 2899 916 2962 βασιλείαν,
935 2897 967 2962 ἣν
980 2898 1125 2962 ἡτοίμασας
1138 2895 1212 2958 αὐτῇ.
1247 2891 1274 2944 5.
1287 2895 1380 2959 Μαρὰν

166 3004 191 3041 ω
205 2999 277 3049 ἀνά·
296 3002 401 3053 ὡσαννα
418 3009 454 3069 τῷ
473 3007 519 3069 υἱῷ
537 3003 621 3067 Δαβιο,
641 2992 850 3077 εὐλογημένος
866 2993 1064 3077 ύέρχύμενος
1076 2992 1107 3055 έν
1119 2991 1248 3074 ὐνύματι
1258 2990 1380 3074 κυρίου,

204 3093 281 3168 θεὸς
302 3096 409 3179 κύριος
426 3096 443 3159 6
459 3097 617 3180 ἐπιφανείς
636 3097 708 3182 ημῖν
725 3097 756 3159 ἐν
773 3097 876 3179 σαρκί.
915 3098 944 3162 6.
969 3108 1003 3158 Et
1019 3122 1058 3169 τις
1076 3108 1159 3173 ἅγιος,
1178 3104 1379 3171 προσεργέούω·

205 3212 229 3259 εί
247 3211 276 3260 δέ
294 3227 331 3273 τις
349 3213 398 3263 ούκ
416 3215 479 3285 έστι,
502 3201 638 3286 γινέσθω)
662 3215 704 3263 διὰ
722 3217 867 3278 μετανοίας.
904 3209 1072 3279 Ἐπιτρέπετε
1085 3214 1115 3264 δὲ
1134 3203 1189 3264 καί
1206 3210 1270 3277 τοῖς
1285 3221 1381 3285 πρεσ-

206 3304 345 3390 βυτέροις
368 3308 453 3391 ὑμῶν
476 3320 645 3383 εὐχαριστεῖν.

292 3410 427 3478 XXVII.
465 3412 542 3497 Περί
565 3414 600 3477 δέ
622 3423 676 3478 τοῦ
701 3416 799 3499 μύρου
830 3417 928 3490 οὕτως
952 3413 1217 3499 εὐχαριστήσατε·
1241 3410 1380 3495 Εύχαρι-

166 3532 191 3568 ³0
206 3516 337 3601 στοῦμέν
361 3537 418 3593 σοι,
442 3518 501 3581 tet
524 3519 693 3605 δημιουργὲ
716 3532 776 3586 τῶν
796 3520 887 3602 δλων,
914 3522 968 3582 καί
990 3520 1068 3602 ὑπὲρ
1092 3528 1147 3603 τῆς
1170 3516 1301 3592 εὐωδίας
1324 3524 1381 3579 τοῦ

207 3622 306 3706 μύρου
330 3625 384 3686 καί
407 3623 485 3706 ύπέρ
507 3633 561 3688 τοῦ
578 3627 740 3690 ἀδανοίτου
757 3628 867 3700 αἰῶνος
884 3628 920 3688 ού
937 3624 1107 3709 ἐγνύιρισας
1121 3624 1194 3708 ημῖν
1210 3621 1261 3685 διά
1275 3619 1380 3706 Ἰησοῦ

240 3924 264 3974 4.
291 3920 530 3994 καταγγέλλειν-
546 3920 793 3992 θάνατονῌῡυαί
841 3922 864 3976 2.
894 3920 998 3988 ὁθεύς
1016 3928 1073 3978 τῶν
1091 3917 1176 3992 ὅλων]
1194 3917 1322 3974 ὃὶσΒῦυε
1333 3933 1381 3987 pa-

207 4015 248 4077 ll,
267 4013 309 4065 26.
791 3990 849 4121 ψίετ
867 4011 897 4064 in
917 4008 1171 4066 constitutionibus
1190 4007 1381 4078 apostolorum

240 4103 263 4153 ὐ.
291 4101 377 4171 κρίμα
395 4097 431 4154 αἰ.
444 4096 573 4171 φάγεται]
588 4095 670 4152 Ιίλοτ.
687 4099 725 4161 11,
737 4099 779 4152 29.
791 4124 794 4179 γ
807 4098 916 4168 saepius
934 4101 1059 4154 vocatur.
1088 4096 1129 4154 Of.
1146 4097 1179 4162 V,
1195 4102 1209 4152 7
1229 4098 1309 4159 extr.;
1334 4095 1380 4159 VI,

240 4185 339 4250 XXVI,
362 4189 382 4240 I.
407 4197 435 4238 Ιῦ
452 4208 486 4256 τη.
506 4186 647 4256 ὐνύματός
664 4205 716 4242 σου
735 4203 780 4241 om
807 4191 822 4244 7
834 4187 911 4251 init.;
930 4185 990 4253 VH,
1000 4186 1042 4242 38.
1053 4187 1096 4241 39.
1105 4188 1148 4240 43.
1159 4187 1208 4250 44;
1221 4184 1295 4249 VIII,
1306 4185 1328 4238 9.
1342 4183 1381 4236 10.

205 4274 292 4329 Pitra.
793 4324 795 4344 ,
843 4276 929 4330 624.
947 4272 1134 4346 αύτῇιαύτήν
1152 4272 1240 4328 Pitra.
