2918 4890
338 337 505 393 CANONES
525 335 788 391 APOSTOLORUM
807 337 1082 395 EGOLESIASTICI.
1204 341 1295 408 LVII

112 497 222 581 capita
245 495 434 574 IV-XlV3
458 497 551 579 plura
575 518 700 580 quoque
723 498 850 577 omisit,
873 502 999 581 praeter
1024 487 1196 564 sententias
1220 501 1293 564 bre-

111 604 219 667 viores
243 602 296 688 (cf.
322 605 351 681 8,
369 605 409 678 33
435 603 607 681 12,1-3;
634 603 800 684 13,1--4)
825 608 919 686 caput
942 603 988 667 XI
1011 607 1124 684 totum,
1148 609 1179 668 et
1199 610 1294 688 caput

112 706 192 773 XIV
216 708 313 791 capiti
338 706 401 771 XII
424 707 617 791 praeposuit.
663 707 821 790 Vulgavit
844 709 959 772 codicis
982 709 1172 792 scripturam
1196 711 1232 774 Ο.
1257 710 1294 775 10

114 812 281 877 Gebhardt
302 811 336 874 11
360 811 497 875 editione
515 809 645 873 Petrum
670 812 917 893 apostolicorum
940 814 1086 892 secunda,
1112 837 1206 898 quam
1229 838 1294 879 una

115 939 187 980 cum
212 914 252 980 A.
269 914 421 980 Harnaclr
444 919 476 979 et
499 915 559 979 Th.
576 913 665 978 Zabn
680 916 832 997 instituit,
857 916 966 982 10001
989 923 1071 1001 part.
1088 917 1120 983 Π
1142 942 1173 1003 p.
1185 919 1292 984 XXIX

202 1127 372 1193 Versiones
395 1132 515 1192 veteres
539 1138 632 1192 sunt:

206 1232 238 1316 1)
263 1231 542 1315 Aethiopica,
568 1255 663 1316 quam
686 1256 713 1296 a.
741 1233 823 1296 1691
848 1255 1005 1297 unacum
1030 1235 1172 1299 versione
1195 1235 1295 1299 latina

114 1336 202 1421 typis
235 1336 390 1420 expressit
418 1336 476 1401 Iob
499 1336 618 1401 Ludolf
645 1338 679 1401 in
703 1336 937 1402 Commentario
968 1361 1025 1402 suo
1055 1340 1093 1404 ad
1117 1337 1294 1405 Historiam

119 1442 343 1524 Aethiopicam
365 1465 395 1525 p.
420 1442 602 1508 314-323.

205 1549 238 1629 2)
262 1546 460 1632 Coptica,
495 1571 590 1632 quam
613 1570 641 1613 0.
667 1548 750 1611 1848
774 1547 816 1612 Η.
841 1547 971 1613 Το11011
995 1549 1139 1634 vulgavit
1161 1551 1195 1613 in
1210 1550 1293 1615 libro

116 1653 172 1736 qui
196 1651 400 1717 inscribitur:
425 1652 493 1717 The
516 1652 974 1736 1110010110οΙ(1010111011010,
999 1654 1174 1719 01001010
1191 1655 1294 1720 011110

118 1756 268 1840 Apostles
292 1757 325 1820 in
342 1755 462 1842 Coptic,
487 1759 608 1823 adiecta
632 1759 776 1823 versione
799 1759 934 1843 anglica,
958 1782 1053 1843 quam
1072 1760 1199 1844 repetiit
1216 1760 1292 1823 Phi-

117 1862 226 1945 lippus
250 1860 361 1926 Schaff
379 1865 413 1927 in
436 1864 573 1928 editione
596 1864 768 1929 Doctrinae
791 1864 1008 1947 apostolorum
1031 1887 1061 1947 p.
1087 1865 1269 1928 249-257.

204 1967 239 2050 3)
264 1967 497 2046 Thebaica,
521 1969 559 2033 de
582 1992 644 2053 qua
667 1968 822 2033 nonnulla
844 1968 935 2032 nobis
952 1970 1195 2033 communicavit
1216 1968 1241 2033 I.
1255 1969 1292 2034 B.

116 2072 287 2157 Lightfoot
302 2072 335 2135 in
352 2072 536 2156 Appendice
551 2074 698 2138 editionis
714 2073 923 2158 epistularum
941 2072 971 2138 8.
989 2073 1159 2138 Clementis
1180 2073 1293 2158 (1877)

117 2200 147 2261 p.
173 2178 361 2256 466-469,
393 2201 552 2262 quamque
584 2183 686 2244 totam
722 2179 965 2261 imprimendam
995 2180 1118 2242 curavit
1149 2202 1176 2242 a.
1209 2179 1293 2243 1883

116 2281 152 2347 P.
177 2281 216 2349 A.
242 2283 280 2347 de
301 2282 444 2368 liegarde
467 2285 501 2347 in
525 2283 616 2363 libro,
641 2284 696 2368 qui
718 2284 902 2348 inscribitur
926 2283 1143 2369 Aegyptiace,
1173 2307 1203 2368 p.
1229 2285 1292 2348 239

119 2388 240 2465 -248;

205 2493 239 2577 4)
264 2491 464 2576 Syriaca,
488 2494 576 2557 cuius
592 2493 741 2557 lectiones
758 2495 916 2558 variantes
934 2517 961 2558 0.
980 2494 1064 2558 1856
1080 2495 1199 2577 publici
1214 2494 1292 2557 iuris

120 2598 196 2662 fecit
206 2597 351 2683 Lagarde
361 2598 394 2661 in
405 2596 561 2682 Reliquiis
571 2598 649 2662 iuris
663 2599 864 2664 ecclesiastici
873 2600 1102 2683 antiquissimis
1115 2623 1146 2683 p.
1159 2599 1237 2663 XXI
1245 2622 1291 2683 sq.

204 2703 387 2767 Editionem
417 2704 592 2788 principem
623 2728 661 2769 ex
694 2705 798 2768 codice
821 2704 1060 2769 Vindobonensi
1085 2704 1293 2768 0011010101-

117 2810 204 2873 sione
239 2808 416 2892 aethiopica
449 2810 574 2891 paravit
608 2833 636 2873 0.
666 2810 749 2874 1843
777 2808 803 2874 I.
830 2809 912 2875 (tuil.
945 2809 1109 2874 Bickell
1141 2809 1175 2872 in
1206 2813 1293 2872 tomo

117 2914 219 2999 primo
249 2912 411 2977 Historiae
440 2913 518 2978 iuris
551 2912 777 2979 ecclesiasticae
810 2937 840 2997 p.
868 2915 1047 2978 167-132.
1091 2911 1222 2977 Secutus
1246 2917 1294 2977 est

119 3017 151 3082 P.
178 3017 216 3081 A.
242 3017 279 3080 10
301 3016 437 3102 Lagar
450 3004 504 3082 de.
549 3018 700 3084 Editione
722 3021 780 3083 illa
802 3042 838 3083 00
852 3020 996 3084 versione
1011 3019 1133 3102 coptica
1149 3018 1293 3082 adhibita

118 3123 288 3187 editionem
310 3121 469 3201 instituit,
503 3145 598 3206 quam
622 3122 655 3187 6.
682 3123 704 3190 l.
731 3123 859 3188 Bunsen
882 3124 915 3187 in
938 3134 1025 3188 tomo
1048 3123 1182 3187 secundo
1205 3121 1294 3186 Α10-

117 3227 274 3291 lectorum
297 3223 585 3290 Autenicaenorum
618 3251 649 3311 p.
675 3228 847 3292 451-460
878 3251 905 3291 0.
936 3229 1020 3292 1854
1050 3228 1294 3312 imprimendam

116 3331 248 3395 curavit.
295 3330 407 3394 Denuo
431 3331 514 3395 idem
537 3336 661 3396 textum
684 3334 841 3398 recensuit
863 3333 897 3396 in
914 3331 1071 3416 Reliquiis
1093 3333 1172 3396 iuris
1195 3335 1293 3398 eccle-

116 3436 237 3501 siastici
268 3435 499 3519 antiquissimis
531 3460 562 3520 p.
588 3439 717 3502 74-79
750 3461 776 3504 a.
805 3439 897 3502 1856.
943 3439 1096 3515 Quartam
1124 3440 1294 3503 editionem

118 3542 267 3605 debemus
284 3540 446 3605 Cardinali
469 3540 493 3605 I.
511 3540 547 3606 B.
572 3540 599 3603 P
606 3541 712 3621 itra,
737 3542 792 3625 qui
810 3542 914 3606 codice
930 3541 1169 3606 Vindobonensi
1192 3542 1294 3606 denuo

117 3647 260 3731 inspecto
283 3667 320 3710 00
334 3647 439 3710 001100
455 3645 672 3712 Ottoboniano
696 3647 840 3711 adhibito
863 3647 1007 3711 libellum
1030 3644 1165 3708 01864
1188 3646 1293 3728 publi-

115 3751 200 3814 cavit
221 3750 256 3813 in
278 3754 366 3815 tomo
388 3751 492 3835 primo
523 3773 554 3833 p.
579 3751 706 3815 77---86
740 3752 858 3835 operis,
890 3752 940 3815 cui
971 3751 1085 3814 titulus
1115 3753 1179 3813 est:
1210 3748 1293 3813 luris

116 3855 320 3920 ecclesiastici
349 3855 540 3920 Graecorum
573 3855 708 3920 historia
740 3862 771 3921 et
803 3859 1017 3920 monumenta.
1064 3853 1122 3917 Oui
1145 3854 1293 3918 successit

117 3959 157 4024 A.
181 3959 453 4044 Hilgenfeld.
500 3959 631 4043 Recepit
661 3962 851 4045 scripturam
881 3962 914 4024 in
945 3959 1094 4025 fasciculo
1124 3962 1218 4042 quart
1262 3982 1292 4042 p.

118 4065 270 4129 95-166
293 4063 379 4129 Novi
402 4064 598 4129 Testamenti
621 4069 710 4129 extra
727 4088 878 4130 canonem
901 4066 1020 4150 recepti
1043 4062 1184 4142 01866,
1208 4085 1292 4127 eam-

117 4190 178 4252 que
200 4168 235 4231 in
257 4167 353 4232 buius
377 4169 479 4251 operis
503 4170 552 4233 vel
575 4170 716 4234 fasciculi
741 4171 877 4234 editione
900 4170 1000 4234 altera
1023 4193 1051 4234 a.
1071 4169 1155 4232 1884
1177 4168 1293 4233 iterum

117 4273 246 4337 recusit.
286 4271 318 4338 Ν
320 4274 478 4357 uperrime
493 4274 628 4358 denique
643 4276 777 4339 editores
793 4275 965 4340 Doctrinae
981 4274 1197 4359 apostolorum
1212 4296 1293 4337 non·
