2918 4890
690 1116 872 1191 fflAXH

488 1257 577 1324 Tiri·
599 1255 773 1320 ΔΩΔΕΚΑ
794 1255 1069 1322 Afloxtolsrx.

235 1542 356 1628 Διδαχὴ
378 1539 490 1625 κυρίου
513 1538 565 1602 διὰ
587 1547 649 1602 τῶν
672 1537 799 1600 δώδεκα
822 1537 1008 1600 &semiim-i
1030 1549 1095 1613 τσῖς
1117 1541 1250 1604 ἔθνεσιν.

280 1646 306 1714 Ι,
337 1646 425 1711 ’0δοὶ
446 1645 503 1710 δύο
527 1643 594 1724 εἰσί,
618 1643 673 1726 μία
694 1654 750 1727 τῆς
773 1643 857 1727 ζωῆς
879 1644 934 1705 καὶ
957 1643 1011 1725 μία
1033 1653 1088 1706 τοῦ
1110 1645 1269 1729 θανάτου,
1302 1648 1371 1712 δια-

165 1754 276 1839 soopd
308 1751 343 1816 δὲ
372 1749 476 1835 πολλὴ
499 1748 614 1833 pers&
644 1760 707 1813 τῶν
730 1749 786 1812 tto
810 1749 901 1812 ὁδῶν.
945 1750 976 1813 2.
998 1747 1037 1812 Ἡ
1060 1751 1192 1834 μὲνοῦν
1214 1752 1288 1828 ὁδὸς
1311 1764 1370 1839 τῆς

227 1944 283 1999 'itt
308 1941 399 1999 ‘ader
423 1941 493 1997 dnos
516 1940 630 1996 exhibet
656 1940 856 2002 titulos,'nem
866 1938 1260 2009 pronuntiaverintetrerba
1268 1948 1370 2017 κυρίου

192 2028 335 2101 cirquites
346 2046 453 2099 magna
464 2028 657 2085 controversia
668 2029 765 2083 exorta
776 2014 780 2073 i
791 2026 836 2082 διά
852 2025 937 2079 facile
954 2043 973 2079 a
990 2026 1190 2095 posterioribus
1202 2029 1297 2085 omitti
1318 2050 1370 2102 po-

192 2119 242 2173 est.
273 2114 433 2183 Quaeritur,
452 2134 519 2171 num
539 2119 656 2184 uterque
669 2100 892 2203 genui-itunae,
921 2113 1025 2184 quippe
1052 2115 1101 2183 qui
1129 2116 1297 2185 scripturam
1329 2121 1368 2175 ab

192 2220 243 2259 nris
262 2202 314 2271 nit,
332 2205 361 2259 et
379 2202 402 2257 ei
421 2221 490 2269 non,
518 2208 582 2259 uter
600 2201 710 2257 auctori
728 2201 766 2254 sit
793 2200 927 2270 apostolis
943 2199 1012 2268 ipsis
1030 2200 1186 2256 confestam
1203 2219 1262 2257 esse
1280 2207 1368 2273 puta·

192 2288 399 2347 attribuendus.
440 2291 581 2362 Plerique.
607 2290 656 2360 <lui
679 2309 766 2344 unum
792 2289 885 2343 verint
914 2304 964 2343 neo
982 2290 1187 2358 perspexerint,
1210 2308 1265 2358 quo
1283 2308 1368 2346 sensu

192 2377 387 2435 authenticum
398 2382 512 2451 putant,
523 2379 676 2435 seeundum
685 2395 766 2448 prae·
792 2381 886 2448 διδαχὴ
903 2378 1000 2449 κυρίου
1024 2375 1171 2444 appellata
1192 2377 1237 2431 sit.
1275 2379 1369 2449 Argu·

193 2466 301 2531 scierint,
330 2482 392 2520 eum
421 2465 513 2521 minus
540 2467 578 2520 sit
606 2465 764 2528 verisimile,
791 2468 898 2530 menta,
911 2462 1012 2532 quibus
1025 2463 1168 2518 sententia
1180 2463 1292 2528 nititur,
1307 2484 1368 2523 non

193 2553 357 2625 pretiosiores
374 2552 494 2609 breviori
509 2555 595 2609 titulo
607 2552 765 2623 longiorem
791 2551 872 2620 parvi
885 2549 1065 2604 aestimanda
1077 2552 1152 2605 sunt.
1188 2554 1325 2608 Attamen
1341 2556 1368 2610 ei

192 2640 377 2703 rriirstituiuss,
395 2643 423 2695 et
436 2640 458 2694 si
471 2642 546 2696 reete
558 2640 692 2707 sentiunt,
711 2658 765 2695 vox
791 2637 921 2693 assentiri
949 2654 1006 2691 non
1036 2655 1156 2706 possum.
1201 2637 1272 2694 (lum
1297 2659 1367 2711 pers

193 2722 261 2801 iiiive
280 2726 313 2781 ds
333 2725 501 2782 (iliristienis
520 2745 534 2783 e
552 2726 707 2797 gentilibus
723 2728 764 2781 in·
790 2725 946 2794 scripturae
959 2725 1035 2794 prior
1047 2742 1095 2779 sen
1107 2742 1147 2788 ea,
1160 2743 1233 2796 quae
1245 2728 1365 2783 titulum

192 2812 356 2883 tullonensis
373 2816 423 2879 ent,
442 2831 524 2885 quem
537 2831 649 2868 sensum
667 2816 697 2868 in
715 2815 764 2869 lit·
790 2812 919 2881 protinus
937 2812 1076 2881 sequitur,
1101 2814 1136 2867 de
1153 2815 1364 2894 catechumenis

193 2900 260 2959 toris
293 2900 453 2957 christianis
485 2901 625 2956 veteribus
654 2902 764 2973 saepius
789 2899 971 2954 instituendis
991 2903 1073 2969 agat,
1099 2917 1153 2955 vox
1177 2896 1247 2974 ἔθνη
1269 2903 1366 2973 potius

193 2988 287 3045 liniret·
325 2986 456 3042 Hernaels
480 2989 601 3044 eontulit
624 2990 702 3046 Rom.
724 2991 762 3054 ll,
791 2987 825 3042 de
850 2986 1004 3057 gentilibus
1030 2987 1067 3040 ad
1085 2987 1275 3045 Christianam
1300 2991 1367 3046 reli·

195 3074 285 3145 istit
312 3072 374 3131 (iol.
401 3075 560 3141 2,1‘2.14;
596 3077 665 3147 Eph.
684 3080 712 3141 3,
735 3080 762 3143 1;
790 3075 902 3144 gionem
928 3091 955 3128 se
978 3075 1205 3130 convertentibus
1225 3080 1367 3146 quamde

191 3161 314 3218 'Portum
328 3163 479 3233 patriarch.
491 3164 550 3230 ΧΠ,
563 3165 594 3221 ll
608 3168 637 3220 et
649 3166 763 3237 inscrip-
790 3161 958 3215 Christianis
973 3177 988 3214 e
1001 3160 1157 3229 gentilibus
1168 3160 1366 3234 intellegenda

192 3249 283 3305 tiones
295 3248 432 3321 epistulae
442 3250 624 3306 adHebraeos
635 3254 664 3306 et
675 3254 763 3306 ltvan-
790 3251 842 3303 est.
878 3248 947 3302 Inde
965 3251 1073 3312 autem,
1098 3251 1172 3319 quod
1198 3251 1300 3307 titulus
1326 3257 1364 3310 ed

192 3333 259 3405 golii
284 3335 433 3389 ssoiindurn
461 3336 610 3393 Hebraeos.
653 3338 763 3393 Titulus
791 3338 902 3406 partem
921 3337 1076 3407 scripturae
1101 3340 1214 3392 tantum
1235 3343 1365 3408 refertur,

191 3439 258 3491 ergo
276 3420 369 3477 titulis
390 3422 488 3477 harum
509 3425 711 3495 seripturarum
728 3428 763 3482 si·
790 3443 846 3481 non
856 3427 897 3479 est
909 3424 1106 3494 colligendum,
1118 3425 1287 3495 scripturam
1296 3430 1365 3486 olim

191 3509 265 3565 milis
284 3510 369 3575 esset,
394 3510 542 3581 inquibus
561 3511 678 3569 Hebraei
698 3518 764 3570 sunt
790 3529 823 3566 ex
841 3512 980 3582 capitibus
1000 3513 1086 3566 l-Vl
1112 3514 1179 3568 solis
1203 3516 1363 3574 constitisse

191 3595 345 3653 Christiani
376 3614 409 3653 ex
439 3598 557 3654 ludaeis.
601 3599 763 3657 Sententiae
790 3602 840 3653 aut
854 3598 970 3653 titulum
984 3600 1140 3669 longiorem
1153 3600 1300 3660 alibrario
1313 3605 1366 3659 ad·

191 3684 289 3741 dieunt
308 3700 396 3755 neque
409 3688 503 3755 lustres
522 3685 643 3751 obstare,
661 3687 709 3757 qui
728 3691 763 3743 ti·
789 3684 892 3740 ieotum
904 3703 969 3741 esse.
993 3686 1062 3740 Cum
1074 3687 1193 3742 dimidia
1206 3688 1263 3744 fere
1277 3692 1364 3762 sosip-

190 3773 283 3827 tulum
315 3771 470 3828 breviorem
499 3789 593 3829 ornnes
624 3773 762 3844 allegant,
790 3777 871 3828 turae
890 3792 956 3843 pars
975 3776 1182 3830 catechumenis
1203 3777 1364 3834 erudiendis

191 3858 466 3929 usqueverboreiru
478 3860 569 3918 πάντα
581 3864 764 3935 προειπόντες
788 3860 954 3927 inserviret,
974 3866 1071 3919 sirotor
1089 3865 1148 3934 ipse
1167 3864 1284 3919 titulum
1304 3867 1363 3924 lon·

190 3949 343 4022 βαπτίσατε
357 3947 762 4020 7,1,squibuspurternscrip-
789 3948 895 4017 giorem
914 3948 1000 4017 priori
1019 3950 1123 4005 addere
1142 3952 1249 4020 potuit,
1269 3956 1301 4008 ut
1319 3955 1362 4009 in·

191 4036 274 4089 turae
292 4034 412 4105 priorem
436 4035 471 4089 ad
490 4037 703 4092 ‹istisinuuenos
720 4037 761 4091 in·
790 4035 913 4093 dicaret.
938 4038 1038 4106 quibus
1063 4055 1129 4107 pars
1146 4039 1199 4093 illa
1216 4035 1362 4097 destinata

191 4120 338 4177 struendo·
351 4120 525 4177 destinatum
539 4123 623 4178 lusisse
636 4124 761 4181 eluceat:
775 4140 777 4145 ·
789 4127 871 4179 esset.
902 4124 929 4177 Si
943 4141 986 4178 res
997 4126 1040 4179 its
1053 4142 1081 4178 se
1094 4125 1188 4188 habet,
1207 4125 1281 4179 alins
1293 4145 1362 4185 sane

191 4205 365 4263 Christianos
383 4210 459 4263 corte
477 4209 575 4273 titisse,
594 4209 643 4279 qui
662 4226 762 4265 serino·
773 4216 777 4295 l
789 4210 891 4265 titulus
910 4214 992 4283 purte
1003 4212 1097 4283 priore
1105 4212 1187 4267 linita
1200 4219 1362 4285 exspectan·
