2918 4890
194 339 257 404 104
473 333 734 392 FRAGMENTUM
753 336 921 391 LATINUM
940 337 974 402 11,
993 339 1071 395 5-6.

194 496 223 561 5.
247 495 322 562 Non
346 496 407 560 erii
428 496 561 561 verbum
590 499 682 560 tuum
710 517 845 560 vseuum
875 519 932 562 nee
963 498 1106 565 mendax.
1152 499 1181 566 6.
1206 498 1281 565 Non
1303 499 1365 563 eris

195 601 328 684 cupidus
349 621 539 666 necessarus
561 622 619 666 nec
641 622 740 684 rapax
762 622 819 666 nec
842 603 986 668 sdolaior
1008 627 1065 670 nee
1080 657 1088 672 .
1106 653 1139 670 ..

231 829 256 883 5.
283 842 397 882 vacuum
414 820 596 896 recensendas]
615 824 661 879 Its
679 825 765 881 etism
795 829 880 896 sique
898 825 1068 900 ἐπιθυμητής
1085 828 1110 893 3,
1128 831 1154 884 3.
1172 858 1207 867 -
1231 827 1367 898 adolater]

197 913 323 970 Oenones
354 913 542 970 ecelesiastici.
579 914 669 970 codex
697 916 768 972 (lon-
795 914 897 969 Textus
915 931 1030 984 graecus
1054 915 1125 985 legii
1149 914 1278 971 hocloco
1300 913 1368 972 ὑπο-

196 1004 283 1057 steni.
301 1002 402 1058 hebet:
421 1006 531 1075 ψευδής,
547 1000 580 1059 οὐ
591 1004 679 1070 κενός,
699 1001 768 1061 ἀλλὰ
793 1006 901 1076 κριτής,
924 1001 943 1056 i.
963 1019 985 1057 e.
1007 1003 1155 1058 simulator.
1191 1000 1268 1072 Epis.
1291 1020 1313 1056 c.
1334 1004 1368 1056 64

194 1089 411 1163 μεμεστωμένος
425 1089 531 1164 πράξει.
569 1088 670 1158 Siquis
683 1090 769 1146 verbs
797 1089 960 1144 haeisnlius
985 1093 1133 1159 postquem
1158 1090 1191 1145 de
1209 1089 1368 1154 homicidio,

198 1177 302 1233 ultima
320 1177 421 1244 omisit,
440 1177 492 1232 illa
511 1176 593 1232 facile
612 1177 696 1232 aliter
714 1178 769 1232 dis·
796 1176 935 1231 adulterio
962 1180 991 1232 et
1016 1177 1087 1232 falso
1112 1172 1272 1233 testimonio
1298 1178 1369 1247 egit,

196 1283 299 1338 ponere
317 1264 420 1335 posuit.
795 1265 890 1335 pergit
907 1265 1042 1329 scribens,
1061 1264 1121 1320 viro
1140 1265 1213 1320 iusto
1232 1281 1282 1319 nec
1300 1265 1370 1318 adu·

234 1355 259 1408 6.
288 1354 400 1423 cespides
416 1355 476 1419 nee]
496 1352 613 1407 Latinus
631 1353 705 1408 solus
724 1371 769 1409 ex·
782 1344 784 1434 l
797 1353 850 1407 lsri
869 1352 959 1409 licere.
994 1354 1062 1409 Inde
1082 1355 1192 1418 sutem,
1211 1357 1243 1407 ut
1262 1352 1321 1408 ism
1339 1354 1371 1408 in

198 1441 284 1496 hibet.
308 1440 388 1495 Infra
397 1441 422 1504 3,
433 1440 450 1494 3
462 1438 574 1508 quidem
585 1441 677 1494 textus
688 1459 770 1510 gree·
796 1439 1003 1509 Prolegomenis
1012 1442 1132 1511 exposui,
1144 1459 1208 1497 eum
1215 1441 1371 1497 versionem

199 1546 246 1584 eus
266 1525 542 1601 ἐπιθυμητήςὴαὴθή.
578 1526 641 1583 Non
660 1533 702 1584 esi
721 1549 770 1585 su·
797 1528 896 1598 legisse
921 1544 977 1583 non
1000 1529 1132 1600 sequitur.
1160 1560 1195 1570 -
1217 1529 1274 1599 nse]
1301 1529 1373 1582 Post

199 1621 259 1674 iem
272 1616 429 1682 verisimile,
446 1616 579 1672 Latinum
593 1619 666 1671 hune
679 1618 770 1673 locum
797 1616 871 1670 hsnc
889 1633 982 1672 vocem
1007 1616 1038 1672 in
1056 1619 1123 1675 folio
1146 1618 1246 1675 codicis
1268 1615 1372 1672 ultimo

201 1705 353 1775 respexisse
370 1708 399 1760 et
411 1722 506 1762 vocem
518 1706 601 1763 aliter
614 1707 770 1763 collocasse.
798 1704 885 1760 etiam
903 1705 1018 1759 verbum
1037 1723 1122 1759 unum
1146 1704 1281 1775 seriptum
1298 1704 1372 1767 ersi,

200 1795 349 1850 Praeterea
376 1793 535 1862 quaeritur,
565 1812 633 1848 num
660 1796 772 1864 cupidus
798 1792 871 1862 quod
892 1795 986 1847 sutem
1004 1793 1128 1847 evanuit.

202 1884 269 1938 anie
292 1898 371 1938 voees
397 1883 542 1951 sequentes
564 1883 639 1938 idem
657 1882 771 1938 denotet
