2918 4890
342 314 564 376 SANGTORUM
582 316 846 376 APOSTOLORUM
863 317 923 385 VII,
942 323 967 387 5,
979 321 1094 388 4-8,4.
1261 327 1301 392 81

136 506 166 548 re
192 482 243 547 illi
270 480 376 547 simili.
421 478 538 545 Recede
560 479 664 557 enim,
695 479 820 564 inquit,
846 482 885 545 ab
907 482 1031 563 iaiqao,
1056 489 1083 548 et
1105 489 1219 549 treraor
1240 506 1304 549 aoa

136 587 400 671 appropinquabit
421 586 485 650 tibi.
530 585 560 649 5.
590 582 640 649 Ne
667 584 710 649 sis
732 585 901 650 iracundus
931 609 1032 672 neque
1054 589 1180 654 invidus
1203 612 1304 675 neque

137 695 310 759 aemulator
333 713 434 774 neque
456 688 595 754 furiosus
617 711 718 774 neque
740 690 846 770 ferox,
876 714 916 756 ne
937 692 999 756 tibi
1030 695 1190 775 accidant,
1223 718 1304 780 quae

135 799 211 864 Oa'r'n
234 802 267 863 et
289 796 366 862 Saul
388 800 420 860 et
441 793 538 873 Ioab3
562 795 712 879 quoniam
734 796 855 878 primus
879 797 1006 879 quidem
1032 799 1147 864 occidit
1172 799 1304 865 fratrem

134 927 225 970 suum
241 902 334 981 Abel,
355 901 440 986 quod
454 901 481 965 is
498 900 582 984 apud
597 900 700 966 Deum
715 902 928 985 praestantior
944 908 1025 968 esset
1040 905 1187 970 inventus
1203 907 1304 990 quod·
1331 923 1343 960 ⁶

135 1032 192 1096 que
215 1009 355 1074 eiusdem
377 1007 568 1073 sacrificium
589 1008 768 1091 praelatum
782 1007 914 1086 fuisset3
938 1009 1092 1074 secundus
1115 1032 1190 1074 vero
1212 1032 1304 1075 sanc-

135 1120 202 1180 tum
224 1113 329 1178 David
352 1111 609 1196 persequebatur,
638 1113 790 1178 victorem
806 1112 935 1178 Goliath
958 1113 1137 1195 Philistaei,
1161 1117 1304 1181 invidens

136 1222 173 1285 ob
206 1219 406 1284 saltatricum
437 1216 577 1281 faustam
610 1218 884 1295 acclamationem
919 1220 1032 1283 tertius
1064 1221 1198 1305 denique
1227 1222 1305 1285 duos

137 1325 290 1390 exercitus
313 1324 406 1388 duces
430 1321 589 1401 confodit,
620 1323 729 1388 Abner
755 1324 867 1390 ducem
889 1322 987 1389 Isradl
1019 1329 1050 1390 et
1072 1325 1225 1391 Amasam
1247 1327 1305 1390 du-

135 1454 200 1497 cem
222 1429 328 1496 Iudae.
607 1442 610 1447 “
1319 1447 1344 1482 10

221 1533 279 1600 VI.
316 1532 348 1599 N
349 1557 366 1598 e
382 1534 426 1598 sis
442 1554 555 1617 augur,
572 1533 647 1617 quia
662 1534 694 1597 id
710 1534 797 1599 ducit
818 1534 858 1599 ad
868 1535 1101 1601 idololatriam:
1124 1535 1306 1619 Aapariaar

137 1641 229 1720 enim,
252 1640 359 1724 inquit
381 1637 526 1716 Samuel,
553 1644 713 1719 peccatam
736 1645 796 1704 est:
825 1644 874 1705 et:
904 1642 978 1706 Noa
1000 1643 1059 1707 erit
1080 1643 1248 1725 apparatio
1272 1643 1306 1720 ia

137 1746 230 1812 Iacob
260 1767 356 1827 aepae
386 1744 537 1808 dioiaatio
568 1745 603 1807 ia
625 1743 739 1809 Israel.
786 1747 815 1809 2.
839 1744 914 1810 Non
948 1747 1009 1811 eris
1038 1746 1220 1810 incantator
1250 1751 1307 1811 aut

136 1853 274 1917 lustrans
294 1850 398 1932 filiam
419 1854 516 1913 taaa.
560 1849 635 1914 Noa
658 1852 847 1916 oraiaaberis
868 1873 966 1934 aeqac
981 1852 1188 1935 aaparoberis
1209 1874 1307 1935 aepae

138 1956 349 2039 aaspicoberis
371 1977 473 2039 neque
504 1954 602 2020 disces
624 1977 738 2039 pravas
762 1957 962 2042 disciplinas3
991 1958 1069 2022 haec
1092 1958 1177 2021 enim
1199 1958 1306 2021 omnia
1323 1972 1345 2008 [ὅ

138 2063 234 2127 etiam
249 2061 301 2125 lex
315 2058 489 2145 prohibuit.
529 2062 559 2124 3.
583 2059 633 2125 Ne
650 2062 693 2125 sis
708 2063 833 2146 cupitor
848 2065 1023 2142 malorum3
1047 2064 1207 2128 deduceris
1223 2065 1307 2129 enim

138 2168 179 2232 in.
193 2170 395 2252 peccatorum
410 2164 616 2229 nimietatem.
655 2168 685 2233 4.
709 2165 785 2232 Non
804 2169 864 2232 eris
880 2169 1081 2254 turpiloquus
1096 2190 1197 2254 neque
1214 2169 1308 2233 emis-

142 2272 226 2337 siciis
249 2270 348 2336 oculis
370 2291 472 2355 neque
494 2271 689 2351 vinolentus3
712 2273 786 2338 inde
807 2275 891 2339 enim
914 2275 1139 2341 fornicationes
1164 2278 1195 2339 et
1218 2276 1307 2340 adul·

139 2379 219 2444 teria
242 2377 399 2441 emuntur.
446 2377 475 2439 5.
499 2374 550 2441 Ne
572 2377 615 2441 sis
639 2401 762 2458 avarus,
786 2402 827 2445 ne
847 2380 914 2444 vice
931 2380 989 2445 Dei
1010 2382 1129 2446 servias
1153 2403 1308 2445 mammo-

139 2507 205 2549 nae.
252 2484 282 2546 (1.
306 2480 357 2546 Ne
379 2481 422 2546 sis
444 2481 548 2546 inanis
570 2483 692 2567 gloriae
707 2485 839 2569 cupidus
855 2507 957 2569 neque
972 2487 1073 2550 elatus
1088 2507 1190 2570 neque
1207 2485 1308 2548 altum
1322 2496 1347 2533 2⁰

140 2589 281 2674 sapiens:
309 2596 347 2651 ex
369 2585 420 2650 his
443 2585 559 2670 quippe
583 2587 730 2652 omnibus
753 2590 918 2672 superbiae
941 2591 1117 2672 prodeunt3
1150 2594 1308 2653 memento

139 2694 235 2773 illius,
259 2693 314 2778 qui
326 2692 426 2756 dixit:
449 2690 596 2769 Domiae,
619 2713 683 2755 aoa
698 2697 742 2756 est
756 2694 925 2758 exaltatam
942 2715 996 2758 cor
1009 2716 1112 2758 arara
1126 2714 1223 2774 aepae
1236 2694 1309 2757 etati

139 2805 210 2863 saat
233 2798 314 2862 ocati
339 2796 411 2874 aei,
434 2816 531 2877 aepae
551 2797 709 2861 ambulavi
733 2798 769 2862 ia
790 2800 914 2881 aopais
935 2820 1031 2880 aepae
1054 2801 1088 2862 ia
1109 2798 1309 2862 placabilitas

140 2925 233 2986 saper
255 2925 310 2982 rae,
333 2902 363 2966 si
384 2921 448 2964 aoa
470 2901 629 2966 baaititer
650 2903 826 2967 seatieboa.

226 3006 300 3074 VII.
338 3004 389 3071 Ne
404 3006 447 3070 sis
463 2997 689 3086 murmurator,
714 3029 835 3071 memor
851 3029 1033 3091 poenarum,
1050 3029 1129 3091 quas
1145 3006 1347 3085 defleamas

140 3117 193 3201 qui
216 3114 300 3178 Mosi
323 3112 614 3177 obmurmurarunt.
660 3113 690 3176 2.
721 3109 771 3176 Ne
799 3113 842 3177 sis
871 3114 1018 3195 pervicax
1045 3133 1102 3176 nec
1131 3111 1309 3175 malitiosus

139 3243 196 3286 nec
227 3220 307 3283 duro
339 3217 431 3281 corde
461 3237 518 3279 nec
540 3216 709 3279 iracundus
736 3237 793 3280 nec
816 3216 925 3300 pusilli
948 3216 1063 3294 animi;
1096 3214 1203 3279 omnia
1225 3215 1309 3279 enim

140 3326 216 3391 haec
239 3326 358 3388 ducunt
381 3324 420 3385 ad
444 3319 684 3404 blasphemiam.
730 3323 760 3384 3.
784 3319 833 3385 Sis
856 3343 930 3385 vero
952 3321 1058 3400 mitis,
1092 3325 1129 3384 ut
1151 3320 1255 3384 Moses
1278 3323 1310 3384 et

140 3430 254 3509 David,
277 3426 532 3513 quandoquidem
554 3426 647 3490 mites
670 3426 877 3510 possidebunt
899 3431 1027 3490 terram.

227 3532 317 3598 VIII.
355 3531 405 3597 Sis
427 3531 637 3615 longanimis3
667 3532 720 3615 qui
749 3532 834 3596 enim
864 3532 939 3596 talis
968 3537 1031 3611 est,
1061 3530 1178 3595 arabas
1208 3536 1251 3594 ost
1276 3531 1310 3593 ia
1325 3547 1350 3585 ³⁰

135 3641 321 3723 pradeatia,
360 3637 516 3721 siquidem
546 3638 765 3718 pasiltoaiais
801 3638 966 3702 aebeacati
1008 3636 1141 3700 stultitia
1184 3639 1309 3698 tacetur.

141 3748 171 3810 2.
195 3745 245 3810 Sis
267 3744 445 3820 misericos3
471 3743 550 3805 beati
573 3743 654 3805 arira
676 3743 905 3821 misericordae,
932 3743 1083 3824 pacatam
1105 3740 1167 3819 ipsi
1189 3739 1310 3801 miscri-

141 3851 280 3916 cordiam
303 3851 533 3930 conseparatar.
579 3848 609 3909 3.
633 3846 712 3910 Esto
735 3847 904 3925 innocens,
935 3846 1075 3931 quietus,
1103 3843 1222 3921 bonus,
1246 3847 1310 3905 tre-

142 3977 232 4020 mens
255 3974 413 4018 sermones
435 3949 506 4014 Dei.
552 3951 581 4014 4.
606 3948 680 4015 Non
703 3955 735 4015 te
757 3951 922 4029 exaltabis,
949 3955 986 4014 ut
1008 3948 1213 4027 Pharisaeus,
1237 3948 1311 4027 qaia

177 4112 202 4166 3.
231 4118 322 4186 πρᾶος
347 4105 386 4177 ὼς
406 4105 536 4179 Μωυσῆς]
565 4105 604 4160 cf.
631 4105 964 4174 Num.·of.1³seuu0ign.
984 4104 1046 4157 Her.
1066 4105 1090 4167 5,
1109 4105 1133 4157 2.

144 4199 184 4262 12,
203 4200 229 4253 3.
250 4229 280 4238 -
301 4196 396 4272 rapa]
416 4195 456 4252 cf.
475 4196 519 4248 a.
539 4197 596 4258 131,
619 4197 639 4248 1.
776 4195 800 4246 2.
829 4193 969 4267 μακάριοι]
989 4191 1090 4245 March.
1110 4194 1134 4254 s,
1153 4193 1178 4244 r.

179 4286 252 4347 Vlll,
273 4286 296 4340 1.
322 4285 408 4351 πολὺς
425 4283 494 4352 aab]
514 4282 594 4336 Prov.
615 4282 655 4345 14,
671 4283 713 4337 29.

194 4390 278 4434 nourr.
293 4393 369 4439 apost.
385 4389 421 4431 ed.
437 4389 514 4429 Funk.
1088 4367 1104 4421 6
