2918 4890
484 1157 893 1233 CONSTITUTIONES

380 1298 648 1367 SANGTORUM
671 1296 1001 1366 APOSTOLORUM.

594 1451 704 1509 LIBER
723 1453 784 1510 VII.

190 1740 216 1807 I.
256 1739 336 1806 Cum
359 1740 526 1826 legislator
548 1737 652 1803 Moses
675 1737 791 1802 dixerit
814 1736 984 1805 Isrctlitis:
1011 1740 1093 1806 Ecce
1114 1743 1185 1808 dect
1206 1750 1278 1812 unte

101 1846 218 1928 faciut
239 1851 373 1912 cestrum
396 1847 478 1911 ctum
501 1846 582 1910 citae
603 1849 631 1909 et
651 1844 737 1908 utam
758 1845 885 1924 monis,
910 1867 946 1910 sc
968 1846 1161 1933 subiungat:
1184 1848 1300 1933 Elipe5

103 1951 206 2030 citum,
234 1955 269 2014 ct
290 1951 393 2031 uicus,
417 1955 449 2015 et
471 1949 628 2034 prophete
650 1948 739 2014 Elias
762 1949 880 2033 populo
902 1951 1085 2016 denuntiet:
1115 1952 1277 2037 Usquequo

105 2056 319 2122 claudicabitis
331 2057 366 2121 ic
382 2057 532 2122 ambobus
545 2055 716 2138 poplitibus
730 2055 867 2120 cestris?
894 2054 932 2121 St
946 2054 1036 2121 Deus
1051 2062 1094 2122 est
1108 2056 1276 2141 Doctum,

105 2162 261 2228 ambulate
284 2167 466 2244 postcunt:
498 2162 613 2227 merito
636 2160 717 2226 dixit
739 2160 837 2227 etiam
859 2161 1015 2227 Dominus
1037 2161 1143 2228 Issus:
1177 2164 1277 2231 Nemo

102 2271 202 2349 potest
223 2265 345 2333 duobus
367 2266 503 2332 dominis
524 2266 658 2345 servium
681 2270 745 2331 cut
766 2266 849 2331 enim
870 2287 970 2333 unum
999 2268 1070 2334 odio
1101 2270 1222 2335 habebit
1251 2275 1279 2336 ct

105 2373 239 2438 atterum
259 2371 381 2455 ditipet,
406 2377 462 2437 cut
483 2373 541 2437 uui
563 2371 742 2437 adhaerebit
764 2376 791 2436 ct
813 2372 946 2437 atterum
961 2379 1128 2440 contemnet
1134 2399 1144 2454 ;
1168 2375 1198 2439 2.
1221 2397 1277 2440 ns·
1291 2411 1316 2448 10

106 2476 239 2542 cessario
270 2479 302 2541 et
323 2498 399 2556 nos,
433 2477 533 2543 secuti
559 2476 751 2561 magistrum
774 2475 955 2558 Christum,
987 2480 1044 2560 qui
1073 2484 1117 2544 cst
1138 2479 1278 2545 calcator

105 2583 246 2647 occuitum
267 2581 436 2662 homiuum,
460 2584 598 2648 maxime
618 2582 771 2662 fidetem,
793 2583 1056 2666 pronuntiamus,
1091 2584 1175 2669 quod
1198 2585 1278 2650 duas

106 2690 180 2752 sunt
203 2687 283 2767 viae,
306 2686 391 2752 uitae
409 2709 483 2767 una,
506 2687 619 2752 mortis
635 2686 746 2752 alteru.
785 2685 918 2752 Nullam
937 2691 1044 2753 autem
1059 2689 1179 2753 hubent
1194 2689 1278 2754 inter

106 2815 138 2860 se
159 2793 431 2874 convenientiam,
459 2794 513 2859 sed
536 2815 689 2879 magnum
712 2792 898 2874 discrimen,
925 2793 1028 2858 ‘immo
1051 2815 1125 2859 vero
1148 2815 1277 2878 prorsus

107 2899 283 2964 disiunctae
304 2898 493 2978 consistunt,
517 2921 553 2963 sc
567 2898 723 2964 naturalis
746 2899 873 2982 quidem
895 2902 943 2965 est
965 2899 1050 2964 vitae
1072 2900 1133 2979 viu,
1158 2899 1278 2963 adscite
1291 2933 1316 2971 1⁶

105 3007 212 3070 sutem
236 3003 289 3069 viu
310 3005 432 3083 mortis,
456 3026 520 3069 non
542 3003 640 3084 illius,
664 3025 745 3089 quae
767 3026 807 3070 ex
829 3003 996 3069 voluntate
1011 3002 1081 3083 Dei,
1104 3026 1214 3068 uerum
1237 3003 1278 3068 il·

105 3108 176 3191 lius,
201 3130 283 3194 quae
305 3131 344 3174 ex
366 3108 489 3190 insidiis
512 3109 685 3174 adversarii
707 3109 840 3175 exstitit.

192 3212 234 3279 Π.
272 3214 381 3279 Prima
402 3215 562 3300 igiturest
577 3215 630 3279 via
644 3215 747 3293 vitec;
770 3237 869 3300 eaque
885 3219 943 3296 cst,
960 3237 1056 3300 quam
1071 3218 1103 3280 et
1118 3212 1170 3280 lex
1186 3237 1279 3300 prae-

105 3320 198 3405 cipit,
227 3320 354 3403 dilipere
376 3318 552 3386 Dominum
574 3319 681 3386 Deum
702 3341 740 3386 ec
761 3325 826 3386 totu
846 3326 945 3386 mente
967 3325 994 3385 ct
1016 3341 1054 3386 ec
1075 3325 1139 3385 totu
1161 3322 1278 3401 enimc,

105 3447 204 3491 unum
226 3425 393 3505 acceium,
412 3431 540 3507 praeter
563 3448 653 3509 quem
675 3427 760 3506 ultus
781 3446 845 3491 nou
864 3430 915 3506 cst,
939 3429 972 3492 et
993 3426 1174 3510 proximum
1197 3426 1279 3491 sicut
1294 3463 1318 3501 20

107 3531 254 3618 seipsum.
300 3529 344 3595 nt
367 3552 469 3612 omne,
493 3532 577 3616 quod
600 3554 664 3596 non
688 3531 735 3596 vis
758 3531 820 3596 tibi
841 3530 921 3611 fieri,
945 3534 977 3596 et
1000 3534 1036 3595 tu
1056 3530 1116 3594 hoc
1132 3528 1280 3595 alteriue

106 3635 213 3700 facies.
259 3636 289 3700 2.
312 3635 494 3702 Benedicite
517 3637 580 3718 eis,
609 3637 664 3722 qui
687 3637 778 3702 vobis
801 3635 1011 3716 meledicunt,
1035 3644 1124 3700 crate
1145 3657 1203 3719 pro
1227 3656 1279 3699 cs·

106 3741 337 3806 lumnicntibus
371 3764 444 3821 vos,
476 3742 595 3826 dilipc'te
623 3743 768 3809 inimicos
795 3745 926 3819 vestros,
972 3742 1060 3819 Quae
1083 3739 1168 3805 enim
1190 3739 1280 3803 vobis

107 3847 224 3933 gratis,
247 3847 275 3910 si
298 3846 414 3911 ametis
438 3869 507 3928 eos,
531 3848 587 3933 qui
610 3870 665 3914 vos
688 3852 823 3914 amant?
860 3846 990 3912 Etenim
1013 3844 1132 3910 ethnici
1155 3866 1280 3929 quoquc

106 4021 212 4076 Auctor
230 4018 345 4090 respicit
363 4018 509 4077 Gnosticcs
527 4021 572 4077 vel
590 4020 680 4076 Mani·
710 4022 749 4087 12,
763 4022 876 4079 32-33.
903 4021 1007 4076 Auctor
1016 4016 1129 4088 quidem
1139 4017 1176 4071 ud
1188 4016 1281 4086 legem

107 4107 213 4164 chasou
707 4108 791 4164 Musis
810 4110 953 4179 provocat,
972 4123 1071 4162 revers
1087 4106 1184 4160 sutem
1196 4120 1280 4161 eveu-

141 4195 212 4262 11,1.
233 4203 263 4251 20
277 4216 315 4266 eq.
340 4198 462 4263 διανοίας
470 4220 479 4252 .·
496 4199 610 4271 καρδίας
627 4195 680 4251 Im·
707 4195 842 4266 gelistsm
860 4193 994 4265 sequitur.

106 4284 194 4354 garde
205 4315 228 4325 -
236 4285 348 4359 ἀγαπᾶν
356 4285 428 4357 κτλ]
437 4284 519 4342 Dent.
526 4285 552 4350 6,
560 4287 584 4340 5.
594 4283 677 4338 Murc
