2918 4890
202 278 306 345 XLVI
645 274 926 331 paciacounua

202 442 234 502 et
256 437 438 513 ostendens,
469 433 657 498 Christianis
681 457 745 499 non
768 436 971 499 ieiunandum
995 457 1061 500 esse
1094 458 1195 519 neque
1220 434 1381 500 orandum

202 542 295 605 nrodo
306 540 556 624 hypocritarum,
567 540 620 603 sed
634 540 715 604 sicut
727 540 883 604 Dominus
893 541 1044 618 instituit,
1056 541 1232 605 orationem
1243 540 1380 605 Domini

201 646 360 729 proponit,
385 645 648 723 animadvertens,
672 650 721 710 ter
743 647 777 709 in
800 646 850 710 die
873 648 917 710 sic
933 647 1087 710 orandum
1110 667 1186 710 esse.
1232 645 1381 730 Denique

121 762 125 770 '
201 772 226 813 c.
244 752 352 816 9-10
376 752 413 815 de
430 751 621 815 eucharistia
637 752 715 835 agit,
741 756 805 815 tres
821 753 980 816 orationes
996 751 1220 816 eucharisticae
1236 751 1381 830 tradens,

201 878 335 938 quarum
366 856 445 919 duae
479 856 628 919 dicendae
663 860 737 919 sunt
770 860 863 934 ante,
895 857 991 919 tertia
1014 856 1378 940 postcommunionem,

201 982 394 1043 monensque
417 960 593 1043 baptizatos
617 964 744 1024 tantum
766 983 873 1025 sacrae
896 983 1022 1025 mensae
1044 963 1214 1045 participes
1238 983 1315 1026 esse.

288 1065 325 1129 ln
349 1069 439 1149 parte
462 1066 599 1130 secunda
623 1065 662 1147 (c.
690 1067 830 1147 11-15)
854 1067 992 1150 primum
1016 1066 1201 1150 exponitur,
1229 1088 1281 1131 eos
1304 1070 1380 1130 tan-

200 1175 267 1233 tum
291 1171 325 1233 in
349 1171 512 1235 ecclesiam
535 1172 696 1235 venientes
720 1172 913 1255 recipiendos
937 1195 1012 1250 esse,
1036 1173 1091 1256 qui
1111 1195 1176 1236 non
1192 1173 1284 1236 aliam
1301 1173 1379 1237 doc-

198 1276 315 1339 trinam
337 1276 458 1339 habent
482 1298 516 1340 ac
539 1277 734 1360 propositam
758 1278 832 1356 (11,
859 1277 966 1360 1-2).
1013 1277 1134 1342 Deinde
1160 1279 1199 1342 de
1222 1281 1378 1363 apostolis

199 1381 248 1444 vel
263 1381 533 1464 praedicatoribus
555 1381 627 1445 fidei
644 1382 921 1467 peregrinantibus
944 1382 1150 1466 suscipiendis
1175 1383 1239 1462 (ll,
1263 1383 1378 1466 3-6),

199 1486 237 1548 de
259 1485 422 1569 prophetis
455 1485 661 1549 diiudicandis
690 1485 766 1569 (ll,
792 1486 933 1568 7-12),
966 1487 1003 1550 de
1033 1487 1161 1551 advenis
1191 1486 1377 1553 christianis

199 1591 386 1673 accipiendis
409 1592 448 1674 (c.
471 1591 534 1672 12),
558 1591 596 1654 de
608 1590 772 1674 prophetis
789 1613 825 1655 ac
840 1592 1021 1655 doctoribus
1031 1592 1244 1656 sustentandis
1261 1592 1301 1674 (c.
1318 1593 1376 1676 13)

200 1696 277 1779 agit.
325 1693 424 1757 Porro
448 1694 485 1758 de
509 1696 558 1759 die
582 1696 738 1760 dominica
766 1695 953 1760 celebranda
977 1695 1015 1780 (c.
1041 1697 1111 1777 14),
1144 1700 1304 1779 postremo
1337 1698 1378 1762 de

201 1800 356 1883 episcopis
389 1803 420 1862 et
443 1799 582 1863 diaconis
606 1800 788 1864 ordinandis
819 1823 854 1864 ac
877 1801 915 1863 de
937 1800 1090 1864 fratribus
1114 1801 1284 1885 arguendis
1306 1824 1376 1866 ser-

199 1926 250 1967 mo
274 1904 320 1968 fit.

175 2055 177 2060 ,
288 2009 398 2094 Capite
422 2009 499 2074 XVI
521 2010 647 2075 libellus
671 2011 878 2076 concluditur.
924 2012 1070 2077 Lectores
1093 2012 1312 2093 admonentur,
1338 2020 1376 2080 ut

200 2115 335 2198 vigilent
358 2119 390 2179 et
413 2116 451 2179 ad
475 2117 646 2180 adventum
661 2116 791 2180 Domini
806 2117 911 2200 parati
927 2117 1001 2195 sint,
1025 2117 1134 2181 crebro
1151 2120 1374 2184 convenientes

200 2239 235 2280 ac
257 2218 353 2283 saluti
385 2221 562 2284 animarum
595 2222 811 2300 consulentes,
842 2227 936 2306 atque
959 2244 1092 2307 regnum
1116 2221 1309 2287 Antichristi
1340 2229 1375 2289 et

198 2322 352 2387 adventus
374 2325 504 2389 Domini
527 2327 725 2390 describitur.

286 2427 470 2512 Hilgenfeld
489 2436 611 2512 partem
629 2433 765 2515 priorem
783 2433 831 2496 vel
846 2431 1033 2497 Doctrinam
1049 2433 1264 2517 apostolorum
1279 2436 1372 2518 prin-
1414 2488 1417 2495 .

197 2534 340 2617 cipalem,
365 2557 427 2618 quo
451 2536 580 2599 nomine
597 2558 664 2599 eam
682 2537 831 2619 appellat,
856 2537 921 2615 6,2
946 2539 1106 2602 terminat.
1147 2539 1233 2615 Quae
1256 2539 1372 2604 divisio

197 2639 328 2703 minime
343 2644 477 2704 constat.
515 2639 678 2703 Particula
695 2642 724 2719 6,
741 2643 771 2719 3,
796 2641 913 2725 quippe
932 2664 1012 2725 quae
1031 2647 1232 2726 praeceptum
1250 2645 1372 2710 morale

194 2746 365 2823 contineat,
382 2768 452 2809 cum
470 2746 735 2823 antecedentibus,
760 2769 824 2810 non
840 2769 911 2810 cum
928 2747 1132 2830 sequentibus
1148 2749 1372 2833 coniungenda

199 2855 256 2914 est.
303 2849 415 2934 Itaque
439 2852 500 2915 nisi
523 2850 658 2915 fortasse
680 2852 783 2935 capite
805 2850 861 2931 XI,
884 2857 968 2916 certe
990 2853 1093 2936 capite
1115 2850 1189 2931 VII,
1212 2853 1371 2933 1101163,

194 2978 267 3038 pars
291 2956 392 3020 altera
417 2956 586 3038 aperienda
609 2960 666 3020 est.

756 3145 803 3200 Xl.

279 3268 316 3334 Iu
339 3269 400 3334 hoc
423 3271 525 3354 capite
548 3270 750 3334 litterae
772 3271 811 3333 ad
827 3270 1013 3334 Doctrinam
1038 3271 1253 3353 apostolorum
1278 3294 1366 3358 spec-

192 3380 297 3439 tantes
314 3376 606 3439 commemorandae
622 3379 707 3439 sunt.
748 3373 892 3439 Primum
908 3375 1011 3438 locum
1031 3376 1198 3439 obtineant
1212 3377 1367 3442 editiones

192 3503 227 3544 ac
249 3481 419 3545 versiones.

278 3583 386 3648 Editio
410 3586 554 3669 princeps
577 3586 621 3648 sic
644 3585 845 3649 inscribitur:

277 3687 397 3770 Διδαχὴ
421 3698 482 3752 τῶν
506 3687 631 3751 δώδεκα
648 3687 831 3751 ἀποστόλων
855 3689 893 3751 ἐκ
906 3698 960 3751 τοῦ
978 3689 1243 3774 ἱεροσολυμιτικοῠ
1261 3710 1366 3775 χειρο-

190 3791 313 3874 γράφου
328 3798 381 3853 νῦν
397 3799 521 3871 πρῶτον
536 3789 721 3875 ἐκδιδομὲνη
738 3794 817 3875 μετὰ
832 3791 1071 3877 προλεγομένων
1086 3796 1140 3858 καὶ
1157 3794 1365 3879 σημειώσεων,

190 3897 222 3959 ἐν
247 3897 292 3969 οἶς
315 3897 446 3978 καὶτῆς
470 3894 637 3977 Συνοψεως
661 3906 717 3979 τῆς
741 3895 778 3962 ll.
804 3896 851 3979 Δ.,
875 3907 930 3982 τῆς
954 3898 1014 3960 ὑπὸ
1037 3898 1183 3962 Ἰωάννου
1206 3906 1261 3961 τοῦ
1277 3897 1365 3983 Χρυ-

190 4000 361 4084 σοστομου,
393 4000 555 4083 σύγκρισις
587 4003 641 4063 καὶ
669 4000 762 4084 μέρος
786 4000 953 4066 ἀνέκδοτον
978 4004 1040 4066 ἀπὸ
1064 4013 1118 4066 τοῦ
1142 4005 1239 4067 αὐτοῦ
1263 4024 1366 4088 χειρο-

188 4105 322 4189 γράφου.
366 4103 439 4168 Ὑπὸ
471 4104 632 4170 Φιλοθέου
665 4104 850 4190 Βρυεννίου,
886 4107 1113 4192 μητροπολίτου
1143 4108 1364 4192 Νικομηδείας.

188 4206 241 4273 Ἐν
266 4208 593 4275 Κωνσταντινουπολει
618 4213 711 4277 1883.
750 4212 828 4298 Pag.
852 4213 1047 4280 ΟΧΧΧΧΙΧ
1070 4213 1184 4300 (ρμθ),
1209 4216 1258 4280 75.
