2918 4890
382 331 639 390 FRAGMENTUM
657 333 824 389 LATINUM
841 333 862 398 1,
881 333 969 401 2-11,
988 335 1013 388 4.
1218 338 1279 402 103

103 497 297 581 iniquitatis.
341 494 504 560 Distantia
526 498 632 559 autem
654 515 771 578 magna
787 498 836 559 est
850 494 984 559 duarum
997 495 1131 558 viarum.
1171 495 1199 561 2.
1216 493 1280 559 Via

103 623 188 686 ergo
211 602 296 666 vitae
318 601 395 666 haec
418 604 482 666 est:
506 599 614 663 Primo
630 599 743 684 diliges
759 599 862 664 Deum
877 604 1042 677 astoricam,
1066 599 1121 682 qui
1136 602 1168 663 te
1183 599 1276 675 fecit;

104 707 247 771 secundo
270 707 450 790 proximum
472 709 565 768 tuum
587 709 623 768 ut
645 708 677 768 te
699 705 821 787 ipsum3
850 725 942 768 omne
965 707 1088 784 autem,
1112 704 1194 787 quod
1217 704 1277 767 tibi
1303 681 1314 699 s

104 833 176 875 non
207 811 254 875 vis
277 811 361 889 fieri,
392 811 448 875 alii
478 832 518 875 ue
549 809 669 875 feceris.
715 811 745 873 3.
777 808 1001 893 Interpretatio
1029 811 1134 871 autem
1163 808 1278 872 horum

106 916 282 981 verborum
303 916 381 981 haec
403 920 460 980 est.
1263 916 1265 921 ’
1291 935 1303 970 a

199 1020 243 1101 ll,
267 1022 296 1085 2.
341 1019 416 1086 Non
439 1021 664 1100 moechaberis,
687 1042 750 1084 non
774 1020 980 1084 homicidium
1002 1018 1107 1098 facies,
1130 1041 1194 1083 non
1217 1018 1279 1082 fal·

108 1149 183 1191 sum
206 1126 423 1190 testimonium
439 1126 532 1204 dices,
556 1147 620 1188 non
636 1147 768 1209 puerum
785 1123 962 1203 violaveris,
985 1145 1048 1186 non
1064 1122 1278 1203 fornicaveris

108 1253 177 1295 non
193 1231 381 1310 malefacies,
405 1254 468 1295 non
485 1231 712 1296 medicamenta
727 1229 812 1294 mala
827 1229 932 1307 facies,
955 1250 1019 1291 non
1042 1228 1162 1292 occides
1177 1227 1280 1291 filium

107 1335 146 1397 in
169 1335 316 1399 abortum
338 1358 395 1400 nec
418 1340 528 1401 natum
552 1336 707 1414 succides,
737 1358 801 1399 non
824 1333 1022 1416 concupisces
1046 1332 1219 1416 quidquam
1242 1332 1280 1397 de

109 1461 148 1502 re
169 1439 306 1522 proximi
329 1441 387 1504 tui.
433 1443 462 1507 3.
488 1439 562 1505 Non
577 1440 763 1524 periurabis,
786 1462 850 1504 non
870 1439 953 1503 male
968 1438 1116 1522 loqueris,
1140 1460 1203 1501 non
1219 1437 1318 1501 eris10

109 1565 234 1608 memor
256 1545 411 1609 malorum
434 1547 600 1610 factorum.
646 1547 676 1609 4.
707 1543 780 1609 Non
811 1545 872 1609 eris
903 1542 1018 1626 duplex
1051 1543 1083 1604 in
1116 1541 1281 1605 consilium

110 1647 252 1713 dandum
275 1671 376 1733 neque
398 1649 569 1735 bilinguis3
601 1649 793 1715 tendiculum
824 1649 908 1713 enim
938 1649 1050 1712 mortis
1082 1650 1130 1711 est
1159 1646 1279 1731 lingua.

111 1836 233 1901 videtur,
246 1838 294 1893 ubi
308 1838 406 1894 nonin
416 1840 577 1896 universum
590 1841 684 1910 angeli
713 1840 816 1894 nabam
836 1842 864 1894 et
877 1840 907 1892 in
920 1837 1078 1893 (lenonibus
1091 1835 1282 1891 ecclesiasticis

113 1924 160 1978 vel
180 1924 274 1991 angeli
288 1925 338 1980 Dei
358 1929 386 1981 et
400 1927 529 1992 Satanae,
549 1927 597 1983 sed
611 1928 684 1981 simi·
712 1928 908 1998 praetermissa
927 1927 999 1978 sunt.
1037 1924 1151 1978 Initium
1165 1922 1210 1976 vel
1223 1939 1281 1976 ver-

111 2011 180 2065 liter
203 2013 289 2079 atque
313 2014 388 2083 apud
407 2014 540 2070 Latinum
558 2017 683 2070 nostrum
713 2033 760 2068 sus
772 2014 878 2084 primus
890 2013 989 2084 capitis
1003 2013 1030 2066 ll
1048 2011 1148 2066 deinde
1160 2011 1281 2065 alterum

112 2098 169 2153 duo
197 2100 292 2168 angeli
319 2106 582 2164 commemorantur,
614 2120 685 2156 unus
712 2102 879 2156 mandatum
898 2099 1042 2156 doetrinae
1060 2099 1176 2153 indicat.
1207 2097 1283 2162 Quae

109 2185 239 2240 iustitiae
258 2189 286 2241 et
304 2205 374 2241 unus
387 2189 536 2257 nequitiae.
567 2190 684 2244 Laotan·
712 2189 861 2258 respiciens
896 2204 1007 2241 versum
1041 2187 1201 2254 sequentem
1232 2202 1283 2238 nu·

111 2271 170 2325 tius
181 2272 273 2328 Divin.
282 2273 375 2328 Instit.
390 2275 588 2341 VI,3scribit:
608 2278 685 2332 chri-
712 2295 787 2334 mero
808 2279 823 2331 2
846 2279 928 2342 noto,
955 2278 988 2330 ut
1016 2275 1159 2345 dispositio
1185 2273 1283 2328 eadem

114 2361 222 2415 stianos
232 2362 342 2430 utrique
354 2363 416 2418 viae
425 2366 616 2434 praepositum
627 2383 685 2421 esse
712 2367 750 2420 sit
775 2368 860 2434 atque
885 2365 916 2419 in
931 2365 1065 2422 Doctrina
1093 2364 1282 2433 apostolorum

112 2447 219 2513 dicere,
245 2450 393 2519 utrumque
411 2452 618 2517 immortalem,
638 2452 683 2507 sed
713 2470 822 2522 graeca.

114 2535 237 2590 alterum
255 2536 437 2604 honoratum,
462 2540 509 2607 qui
533 2540 685 2593 virtutibus
747 2540 782 2603 ΙΙ,
801 2541 825 2594 2.
853 2541 971 2595 Latinus
1000 2557 1086 2594 unum
1114 2537 1282 2592 mandatum

113 2622 235 2676 acbonis
248 2625 363 2692 praesit,
375 2626 495 2680 alteram
509 2627 683 2692 damnatum,
712 2629 806 2681 textus
825 2626 918 2695 graeci
937 2625 1155 2695 praetermittit,
1179 2621 1283 2676 scilicet

113 2709 162 2778 qui
175 2709 253 2763 vitiis
266 2727 298 2765 ae
310 2712 399 2766 malis.
432 2712 500 2766 Cum
516 2717 611 2769 autern
624 2732 684 2769 cae·
713 2713 746 2771 οὐ
753 2712 873 2786 κλέψεις,
881 2713 989 2782 reliqua
999 2716 1091 2767 autem
1103 2711 1188 2780 plane
1198 2709 1282 2764 aliter

99 2797 191 2851 flectis
210 2796 319 2852 itineris
329 2798 426 2854 ducem
439 2801 536 2869 paullo
549 2805 611 2871 post
630 2820 686 2858 non
712 2801 836 2870 disponit
850 2803 934 2869 atque
952 2799 1035 2854 ceteri
1048 2802 1140 2862 testes,
1159 2813 1283 2866 praeser-

114 2885 248 2954 angelum
258 2886 302 2940 vel
310 2888 433 2956 angelos,
442 2889 488 2942 sed
496 2889 582 2944 Deum
594 2891 685 2961 ipsum
712 2890 763 2944 tim
784 2889 924 2945 adulterio
949 2905 999 2956 pro
1017 2886 1136 2940 secundo
1154 2884 1282 2955 primum,

115 2973 240 3042 appellet
250 2991 366 3043 cumque
379 2992 419 3040 eo,
438 2978 511 3045 quod
527 2979 685 3050 philosophi
712 2978 785 3034 falso
803 2975 977 3040 testimonio,
999 2974 1072 3044 quod
1092 2975 1185 3028 textus
1204 2989 1283 3040 grae·

114 3060 150 3116 de
167 3061 236 3116 duce
255 3062 317 3117 viae
335 3063 498 3120 dexterioris
511 3066 599 3120 locuti
611 3070 684 3130 sunt,
713 3082 759 3119 cus
776 3064 807 3119 in
819 3081 900 3119 versu
912 3063 1044 3130 sequente
1055 3063 1119 3130 post
1131 3059 1283 3130 periurium

115 3152 268 3206 commotus
286 3167 344 3205 esse
364 3150 507 3215 videatur,
533 3156 563 3206 ut
581 3153 615 3208 de
633 3155 687 3208 hac
712 3151 839 3215 exhibet,
874 3138 990 3204 tertium
1020 3149 1111 3204 locum
1143 3149 1282 3204 attribuit.

115 3253 145 3291 re
163 3241 273 3307 ageret,
293 3239 407 3294 minime
426 3243 531 3294 certum
550 3241 593 3294 vel
615 3241 685 3295 veri·
713 3239 851 3294 Mandata
875 3237 914 3291 sic
939 3236 1084 3306 digessisse
1107 3237 1218 3290 videtur
1243 3252 1284 3290 re·

116 3324 206 3379 simile
236 3327 293 3390 est,
323 3344 387 3381 eum
417 3328 504 3381 talem
536 3327 686 3382 Doctrinae
713 3325 829 3395 spiciens
848 3325 927 3380 Rom.
941 3325 983 3389 13,
997 3325 1020 3377 9.
1040 3354 1073 3362 -
1088 3324 1213 3394 pueram
1234 3321 1284 3379 Oo-

116 3413 307 3482 apcstolorum
325 3413 445 3468 formam
463 3415 598 3478 habuisse,
618 3434 685 3484 qua·
713 3416 765 3470 dex
784 3417 847 3485 post
866 3413 938 3466 hanc
957 3430 1051 3468 vocem
1070 3412 1203 3468 lacunam
1220 3427 1283 3481 par-

116 3502 172 3557 lem
180 3503 302 3555 testatur
312 3502 503 3570 fragmentum
513 3501 641 3556 latinum.
655 3535 683 3542 --
714 3519 779 3556 vam
791 3501 885 3565 habet,
900 3502 932 3553 ut
944 3500 1055 3555 videtur
1068 3500 1103 3555 ob
1112 3500 1284 3569 plicaturam

116 3589 231 3644 duorum
243 3589 357 3659 chrum]
378 3589 492 3643 latinus
505 3589 612 3646 omittit
625 3608 686 3645 eum
714 3590 903 3644 membranae.
923 3619 955 3627 -
973 3605 1028 3642 aaa
1045 3585 1206 3656 malefacias]
1226 3585 1244 3640 i.
1261 3602 1283 3640 e.

116 3678 247 3732 Bernaba
270 3677 577 3755 particulamlprragd,
601 3696 686 3747 quam
714 3676 746 3735 οὐ
761 3675 917 3750 μαγεύσεις.
944 3674 1035 3730 Codex
1045 3675 1131 3728 habet
1141 3674 1285 3742 moofucr'cs

116 3764 200 3822 codex
219 3766 310 3820 Const.
333 3768 360 3820 et
380 3765 505 3822 Oenones
523 3767 663 3823 exhibent.
714 3765 765 3820 Pez
784 3764 853 3818 haec
871 3763 957 3818 verba
976 3762 1076 3818 omisit.

152 3857 177 3910 2.
205 3855 349 3925 comaron]
377 3853 456 3909 Hanc
482 3871 576 3910 vocem
600 3855 687 3909 habet
749 3858 773 3909 3.
801 3853 903 3906 Textus
916 3851 1209 3920 latinuscumgraeco
1223 3865 1284 3904 con·

117 3938 233 3997 Latinus
252 3941 334 3997 solus.
405 3945 409 3951 '
714 3941 811 3997 cordat
818 3963 824 4005 ;
850 3939 930 3995 modo
949 3937 1114 3993 mandatum
1135 3936 1168 3995 οὐ
1185 3942 1284 4009 ψευδο-

152 4032 176 4085 3.
205 4032 269 4086 huec
286 4028 334 4098 est]
361 4027 519 4097 Sequuntur
542 4029 572 4082 in
595 4029 687 4084 codice
713 4032 909 4104 μαρτυρήσας,
933 4026 1007 4095 quod
1028 4025 1059 4078 in
1082 4026 1161 4078 textu
1185 4041 1285 4094 graeco

119 4115 609 4173 Constant.etinConstitutionibus
622 4135 687 4187 apo·
715 4116 864 4170 secundum
890 4115 981 4169 locum
1000 4112 1120 4176 obtinet,
1148 4131 1164 4167 a
1185 4113 1285 4168 Latino

118 4208 254 4263 stolorum
271 4206 366 4275 plura,
394 4221 465 4273 quae
489 4203 637 4273 praecipue
655 4220 687 4257 ex
715 4221 799 4274 supra
817 4221 843 4256 v.
863 4205 879 4255 2
897 4201 1020 4272 positum
1038 4203 1089 4255 est.

118 4295 246 4350 Mettus
259 4294 414 4363 desumpta,
433 4292 481 4347 sed
494 4294 523 4347 et
534 4293 609 4362 apud
623 4292 688 4347 Bar·
750 4292 772 4344 4.
803 4289 907 4360 itaqua]
926 4288 1029 4344 Graece
1046 4291 1201 4363 διγλωσσία.
