2918 4890
140 288 250 355 XXVI
411 293 412 298 ‘
584 289 865 345 rnonncounns.

141 452 276 527 constat,
300 449 388 513 Duas
411 450 479 514 vias
502 449 684 533 appellavit.
732 448 881 529 Accedit,
905 451 989 534 quod
1012 474 1050 515 ex
1072 451 1132 514 hoc
1154 451 1252 515 titulo
1276 473 1316 514 ne

140 553 173 615 id
195 554 322 636 quidem
346 554 454 640 colligi
476 558 600 637 potest,
633 552 785 617 Rufinum
808 554 914 637 capita
936 554 1106 620 Doctrinae
1129 578 1185 620 sex
1206 556 1317 639 priora

139 659 266 721 tantum
289 660 418 741 cognita
440 659 598 723 habuisse.
644 658 722 737 Cum
745 660 903 742 scriptura
926 661 1059 744 incipiat
1074 661 1199 725 verbis:
1223 661 1316 725 Duae

140 762 218 841 viae,
242 763 298 826 illo
321 765 448 828 nomine
477 764 562 828 haud
586 765 680 829 dubie
703 764 864 848 designari
886 765 1011 847 potuit,
1041 764 1166 829 etiamsi
1188 769 1318 847 praeter

141 868 317 931 doctrinam
342 869 475 932 duarum
498 870 623 933 viarum
645 871 737 952 plura
761 869 823 932 alia
845 870 1037 933 continebat.

229 970 345 1036 Nonne
368 978 474 1037 autem
498 974 693 1038 recensiones
708 973 871 1037 doctrinae
887 973 1022 1036 duarum
1034 974 1155 1037 viarum
1173 974 1315 1056 reliquae

140 1077 293 1140 eiusmodi
309 1081 393 1157 sunt,
409 1082 445 1141 ut
461 1078 501 1141 ab
517 1076 689 1160 exemplari
704 1081 813 1140 nostro
831 1077 967 1141 derivari
982 1082 1166 1161 nequeant?
1201 1076 1314 1142 Plures

143 1181 203 1245 hoc
225 1182 376 1246 iudicium
399 1184 550 1248 tulerunt.
598 1181 799 1267 Argumenta
823 1203 905 1260 ver0,
934 1205 1014 1265 quae
1037 1183 1224 1262 attulerunt,
1250 1205 1314 1246 non

129 1287 219 1350 'satis
242 1286 335 1350 firma
358 1309 424 1351 esse
448 1288 604 1351 videntur.
1287 1288 1291 1295 ’

231 1389 397 1453 Barnabae
420 1391 557 1473 epistula
579 1391 619 1454 ab
635 1391 706 1454 aliis
722 1391 957 1455 recensionibus
979 1392 1125 1455 omnibus
1148 1396 1315 1475 tantopere

141 1495 281 1572 discedit,
306 1498 342 1557 ut
365 1496 457 1559 uobis
481 1494 571 1559 valde
594 1495 768 1559 cavendum
791 1495 843 1574 sit,
867 1518 905 1559 ne
928 1495 1063 1559 nimium
1086 1519 1123 1560 ex
1140 1496 1206 1560 eius
1222 1500 1315 1560 textu

140 1600 337 1684 colligamus.
369 1598 454 1663 Ordo
469 1600 697 1663 sententiarum
711 1622 839 1683 prorsus
853 1601 1000 1665 turbatus
1014 1605 1079 1679 est;
1103 1601 1222 1665 multae
1241 1624 1315 1665 sen·

140 1704 268 1783 tentiae,
291 1705 436 1787 inprimis
461 1704 568 1768 Doctr.
596 1705 624 1776 l,
648 1707 666 1767 2
692 1707 743 1783 -2,
769 1707 784 1767 1
819 1708 851 1769 et
873 1707 912 1784 3,
938 1707 1035 1784 1-6,
1059 1706 1208 1785 omissae,
1232 1728 1315 1769 non-

141 1808 248 1872 nullae
273 1809 397 1873 additae
420 1813 503 1872 sunt.
549 1806 599 1873 Ne
622 1808 797 1893 propositio
817 1809 1003 1892 principalis
1027 1809 1153 1893 quidem
1177 1808 1227 1872 vel
1251 1810 1316 1873 tria

141 1914 308 1990 mandata,
333 1937 413 1998 quae
436 1936 544 1978 omnes
567 1915 761 1977 recensiones
784 1914 817 1976 in
841 1915 969 1978 exordio
991 1915 1160 1992 exhibent,
1192 1913 1316 1977 intacta

142 2016 252 2080 relicta
283 2022 374 2093 sunt3
406 2018 536 2082 tertium
566 2018 751 2081 mandatum
778 2018 871 2100 plane
894 2018 1045 2082 omissum
1068 2021 1133 2096 est,
1164 2018 1226 2080 duo
1250 2017 1317 2080 alia

142 2121 259 2205 ubique
282 2124 450 2187 coniuncta
473 2146 491 2186 a
514 2123 662 2187 Bernaba
685 2124 859 2207 discerpta,
893 2123 1063 2187 secundum
1090 2123 1218 2205 insuper
1241 2144 1314 2184 mu-

140 2229 253 2289 tatum.

227 2332 394 2416 Expositio
418 2335 552 2398 duarum
575 2334 708 2412 viarum,
732 2356 812 2418 quae
834 2333 868 2396 in
888 2331 1069 2396 Canonibus
1093 2329 1313 2395 ecclesiasticis

140 2435 268 2520 legitur,
291 2438 448 2520 particula
471 2439 585 2521 exigua
608 2442 747 2521 excepta,
771 2442 838 2501 tam
859 2460 957 2520 prope
978 2437 1016 2500 ad
1033 2435 1218 2499 Doctrinam
1247 2435 1310 2512 1,1

144 2541 247 2618 -4,8
272 2541 377 2625 (plura
400 2564 463 2605 non
487 2546 562 2605 sunt
578 2542 782 2625 transcripta)
806 2543 934 2621 accedit,
958 2545 993 2604 ut
1010 2540 1076 2605 eius
1093 2543 1202 2604 auctor
1217 2538 1313 2617 hanc,

142 2667 205 2708 non
229 2646 323 2710 aliam
348 2647 483 2711 similem
507 2647 697 2729 scripturam
720 2647 867 2710 manibus
890 2649 1042 2710 tractasse
1060 2645 1127 2709 11111
1150 2639 1313 2707 enistime-

140 2753 203 2829 tur,
227 2752 413 2835 praesertim
437 2773 508 2815 cum
528 2753 613 2830 12,3
636 2757 759 2835 partem
775 2751 946 2816 Doctrinae
964 2750 1170 2834 posteriorem
1187 2770 1314 2832 quoque

140 2877 173 2918 se
198 2856 312 2940 legisse
334 2857 461 2920 indicet.
499 2855 586 2921 Idem
603 2857 768 2921 dicendum
787 2860 835 2920 est
852 2857 890 2920 de
905 2855 1059 2920 Doctrina
1075 2855 1184 2919 latina.
1224 2851 1313 2927 Quae

140 2961 224 3024 euim
247 2961 324 3025 haec
346 2965 471 3044 praeter
493 2966 617 3026 textum
641 2966 786 3026 nostrum
809 2983 958 3046 graecum
981 2961 1140 3039 continet,
1168 2981 1204 3023 ea
1225 2958 1313 3020 haud

139 3064 233 3129 dubie
256 3089 320 3129 non
344 3067 465 3131 auctori
488 3068 662 3151 scripturae
684 3067 831 3151 principi,
856 3067 909 3131 sed
924 3066 1092 3149 posteriori
1108 3062 1313 3128 attribuenda

140 3171 224 3245 sunt,
249 3171 304 3252 qui
327 3193 363 3234 ea
386 3194 457 3235 cum
480 3195 518 3236 ex
541 3173 677 3256 epistula
700 3172 866 3236 Barnabae
889 3171 1084 3253 deprompsit
1106 3173 1174 3233 tum
1198 3189 1236 3230 ex
1253 3188 1313 3229 suo

132 3271 267 3355 ingenio
291 3276 420 3341 addidit.
460 3277 631 3343 Auctorem
655 3279 789 3360 denique
806 3274 1077 3339 Constitutionum
1093 3272 1312 3356 apostolorum

139 3398 203 3439 non
227 3377 323 3442 aliam
346 3382 558 3446 recensionem
582 3405 678 3467 quam
700 3381 815 3445 codicis
832 3376 1178 3460 Constantinopolitani
1195 3375 1312 3460 legisse

137 3480 221 3544 inter
243 3503 351 3545 omnes
372 3488 504 3548 constat.

227 3584 336 3652 Unum
346 3590 472 3652 tanturn
488 3592 660 3673 quaeritur,
684 3612 761 3653 num
776 3589 977 3672 exemplaria,
998 3588 1113 3672 quibus
1133 3586 1309 3664 Barnabas,

141 3696 250 3754 auctor
273 3689 437 3755 Oanonum
467 3693 747 3758 ecclesiasticorum
776 3697 808 3758 et
830 3694 985 3776 interpres
1010 3693 1129 3756 latinus
1152 3692 1201 3755 usi
1224 3693 1309 3764 sunt,

137 3794 324 3859 Doctrinam
349 3796 384 3874 1,
408 3799 509 3878 3-2,
535 3799 551 3861 1
587 3798 819 3876 continuerint,
852 3821 947 3881 quam
979 3797 1169 3880 particulam
1200 3816 1310 3858 omnes

138 3901 258 3984 pariter
281 3899 466 3981 omiserunt,
490 3904 540 3967 vel
562 3903 718 3986 particula
740 3903 797 3966 illa
813 3903 951 3988 genuina
966 3902 1017 3965 sit.
1058 3900 1220 3965 Barnabas
1236 3898 1310 3982 qui·

138 4006 208 4070 dem
238 4006 411 4071 inhaere
441 4029 503 4070 non
527 4009 664 4071 multum
687 4009 811 4090 probat.
858 4005 904 4073 Ut
930 4007 1061 4070 tertium
1086 4007 1308 4069 mandatorum

137 4111 378 4194 principalium,
412 4134 451 4175 ne
480 4114 517 4176 de
541 4111 694 4176 Doctrina
725 4115 762 4192 3,
788 4113 871 4176 1-6
894 4112 1015 4191 dicam,
1047 4112 1094 4176 ita
1116 4112 1308 4195 particulam

137 4220 318 4300 sequentem
343 4217 516 4298 praeterire
538 4218 653 4300 potuit.
692 4216 779 4281 Idem
802 4216 867 4281 fere
890 4216 927 4279 de
943 4218 1071 4281 auctore
1087 4215 1309 4301 syntagmatis
