2918 4890
309 332 496 394 DOCTRINA
515 334 706 393 DUODEGIM
725 328 999 396 APOSTOLORUM.
1165 340 1241 409 XIX

55 499 150 603 Libri
176 499 391 564 Iubilaeornm
415 501 447 562 et
462 495 671 561 Oraculorum
686 496 917 583 Sibyllinorum
934 500 1087 564 Doctrina
1111 505 1239 583 aposto-

56 605 171 670 lorum
193 603 382 669 innotuerit.
427 600 518 666 Illius
540 600 724 666 Sententiae
752 625 827 667 sane
855 604 978 689 sylloge
999 610 1239 688 praeceptorum

56 711 236 775 moralium
259 709 344 792 parti
366 707 539 771 Doctrinae
561 707 673 772 morali
704 709 782 772 adeo
805 708 917 773 similis
940 713 1035 788 sunt,
1066 713 1102 772 ut
1125 708 1239 772 Harris

56 819 224 881 annuente
246 812 402 878 Warfield
415 813 440 895 ¹)
471 833 535 876 non
567 812 691 877 dubitet
714 813 912 892 contendere,
935 813 1127 896 scripturam
1149 813 1239 876 illam

57 921 101 985 ab
124 920 188 984 hac
210 919 346 1004 pendere
369 921 466 1001 atque
488 917 677 981 Doctrinam
700 940 767 982 esse
791 919 881 1001 quasi
897 918 1020 982 ratione
1035 919 1166 983 metrica
1189 941 1236 982 re·

56 1024 179 1091 fictam.
212 1023 376 1089 Sententia
388 1021 515 1106 quidem
531 1023 660 1086 omnino
673 1022 871 1105 reprobanda
887 1026 944 1101 est,
968 1023 995 1086 si
1010 1021 1036 1086 I.
1054 1023 1195 1107 Bernays
1209 1022 1236 1106 ²)

59 1129 224 1213 plerisque
254 1127 501 1193 assentientibus
530 1127 712 1210 nuperrime
743 1128 781 1192 de
808 1129 966 1210 scriptura
995 1128 1239 1212 pseudographa

60 1238 145 1299 recte
165 1233 328 1311 iudicavit,
353 1235 426 1315 post
438 1230 654 1296 Ptolemaeum
670 1230 917 1296 Philometorem
941 1235 972 1294 et
988 1235 1062 1295 ante
1078 1230 1237 1297 Neronem

61 1339 126 1403 sive
149 1337 283 1402 saeculis
299 1335 391 1401 1-11
415 1339 488 1399 ante
510 1336 561 1399 vel
583 1339 674 1418 parte
689 1334 838 1400 saeculiI
860 1337 965 1418 priore
984 1339 1057 1418 post
1073 1334 1236 1400 Christum

62 1446 176 1506 natum
199 1464 220 1505 a
240 1440 357 1505 Iudaeo
381 1441 420 1504 ad
442 1440 578 1524 gentiles
601 1440 824 1505 aludaeorum
840 1441 936 1506 sacris
952 1463 1015 1503 non
1031 1440 1238 1505 abhorrentes

63 1546 268 1611 instruendos
300 1545 508 1627 compositam
541 1566 607 1608 esse
640 1566 776 1610 censens
835 1545 988 1609 Doctrina
1022 1546 1238 1628 apostolorum

67 1655 173 1715 autem
195 1650 327 1714 inventa
350 1672 399 1713 res
423 1651 525 1715 denuo
547 1651 738 1734 inquirenda
762 1656 793 1715 et
816 1656 890 1716 ante
913 1653 1019 1716 omnia
1041 1675 1115 1735 pars
1139 1653 1238 1735 scrip-

31 1762 36 1773 '
66 1759 154 1820 turae
176 1754 350 1819 Doctrinae
373 1754 486 1818 similis
508 1754 751 1819 transcribenda
774 1759 831 1833 est,
855 1759 892 1819 ut
916 1756 1014 1821 lector
1029 1756 1155 1821 facilius
1170 1757 1237 1839 ipsc

64 1859 214 1924 iudicium
235 1859 319 1923 ferre
342 1858 452 1941 possit.

240 1961 349 2025 Ταῦτα
372 1962 460 2047 δίκης
485 1963 594 2027 δσίοισι
616 1964 694 2027 θεοῦ
718 1963 916 2049 βουλεύματα
939 1964 1039 2047 φαίνει

195 2067 385 2151 Φωκυλίδης
407 2066 529 2149 ἀνδρῶν
554 2068 570 2129 δ
595 2066 776 2150 σοιρύτατος
799 2067 889 2153 ὄλβια
912 2068 1016 2150 δῶρα·

197 2171 275 2256 μήτε
298 2171 538 2256 γαμοκλοπὲειν,
563 2169 632 2256 μήτ’
653 2174 771 2254 ἄρσενα
792 2170 913 2255 Κύπριν
937 2171 1055 2255 ὀρίνειν,

197 2275 274 2360 μήτε
298 2275 409 2350 δόλους
434 2275 570 2358 ῥάπτειν,
595 2273 671 2359 μίγδ’
693 2277 798 2359 α’ίματι
821 2286 912 2360 χεῖρα
936 2276 1080 2360 μιαίνειν·

152 2382 172 2445 5
198 2383 240 2464 μὴ
263 2379 408 2443 πλουτεῖν
431 2380 560 2456 ἀδίκως,
584 2379 655 2444 ἀλλ’
678 2380 711 2458 ἐξ
735 2381 827 2445 ὁσίων
850 2382 1014 2467 βιοτεύειν·

194 2485 363 2569 ἀρκεῖσθαι
385 2494 537 2569 παρεοῦσι
559 2487 614 2549 καί
637 2485 810 2568 ἀλλοτρίων
833 2486 1027 2570 ἀπέχεσθαι·

196 2590 314 2672 ψεύδεα
337 2593 379 2674 μὴ
403 2589 517 2675 βάζειν,
540 2593 579 2653 τὰ
602 2588 630 2653 δ’
652 2590 789 2674 ἐτήτυμα
812 2589 902 2654 πάντ’
924 2592 1095 2674 ἀγορεύειν.

240 2693 356 2777 Πρῶτοι
378 2694 455 2757 θεὸν
477 2693 560 2777 τίμα,
584 2693 748 2778 μετέπειτα
772 2694 806 2757 δὲ
830 2704 894 2758 σεῖο
917 2705 1043 2780 γονήας.

196 2798 278 2863 Πᾶσι
302 2798 408 2862 δίκαια
430 2798 541 2883 νέμειν,
565 2800 643 2884 μηδὲ
666 2798 766 2882 κρίσιν
790 2801 833 2874 εἰς
852 2799 942 2883 χάριν
965 2800 1058 2863 ἕλκε·

131 2907 172 2970 10
196 2909 238 2990 μὴ
261 2903 352 2990 ῥίψῃς
376 2907 482 2988 πενιὴν
507 2903 634 2984 ἀδίκως,
661 2907 702 2989 μὴ
727 2904 814 2988 κρίνε
836 2904 1021 2987 πρύσωπον·

196 3011 234 3095 ἢν
256 3012 294 3072 σὺ
317 3018 427 3084 κακῶς
445 2992 591 3096 δικάσῃς,
615 3011 650 3073 σὲ
673 3011 748 3086 θεὸς
773 3009 937 3094 μετέπειτα
959 3009 1109 3076 δικάσσει.

195 3113 375 3198 Μαρτυρίην
398 3112 498 3198 ψευδῆ
522 3113 656 3197 φεύγειν,
680 3116 719 3176 τὰ
742 3112 848 3176 δίκαια
871 3112 1043 3198 βραβεύειν.

133 3220 173 3283 16
196 3217 277 3304 Μηδ
300 3217 500 3304 ἐπιορκὴσγγς,
524 3217 595 3303 μήτ’
617 3219 719 3303 ἀγνὼς
743 3218 821 3303 μήτε
844 3216 962 3281 ἑκοντί·

196 3321 372 3406 ψεύδορκον
397 3322 520 3407 στυγέει
542 3323 618 3397 θεὸς
642 3322 798 3408 ἄμβροτος
821 3323 903 3397 ὅστις
926 3323 1057 3408 ὀμύσσγγ.

130 3429 172 3491 22
196 3426 318 3512 Πτωχῷ
343 3426 371 3491 δ’
393 3428 471 3491 εὐθύ
495 3427 591 3509 δίδου,
616 3426 687 3512 μηδ’
709 3429 815 3511 αὔριον
839 3427 972 3510 ἔλθεμεν
996 3429 1098 3513 είπγγς·

195 3530 364 3616 πληρώσας
387 3530 441 3595 σέο
469 3531 548 3616 χεῖρ’
570 3530 659 3595 ἔλεον
681 3531 828 3616 χρῄζοντι
850 3532 1027 3616 παράσχου.

66 3675 273 3682 ———-—.

137 3760 163 3825 l)
182 3757 286 3821 Harris,
309 3758 364 3813 Τίιο
384 3760 517 3829 Τοαοίιίκρ
535 3759 569 3828 os
583 3759 626 3812 the
638 3760 762 3827 Apostles
780 3759 836 3812 aad
852 3759 895 3812 the
907 3759 1142 3829 SibylliucBoolcs
1162 3760 1237 3814 1885.

67 3843 107 3898 Of.
127 3844 224 3899 Schaff
239 3845 282 3900 ed.
300 3846 327 3899 Il
345 3865 364 3916 p
390 3848 441 3902 299
461 3865 501 3916 sq.
538 3846 680 3909 Warfield,
700 3845 818 3900 Journal
835 3846 869 3915 of
883 3847 926 3900 tte
943 3845 1028 3915 Εαορ.
1046 3845 1152 3916 Society
1171 3846 1238 3900 1886

64 3950 91 4002 p.
110 3934 152 3988 93.
192 3933 247 3986 The
264 3933 390 3988 Ακάοοα·
409 3934 513 3989 Recicw
533 3934 578 3998 Vl,
597 3935 639 3988 95.

135 4022 162 4089 2)
186 4021 267 4075 Uebcr
289 4021 338 4076 dua
356 4021 573 4091 Phclrylcdccscbe
597 4021 709 4075 Gedicbt
734 4021 808 4076 1856.
851 4020 892 4076 Of.
919 4022 1091 4077 Gesammelte
1109 4021 1238 4075 Attoud-

65 4110 162 4178 ίκκροκ
181 4107 223 4163 ed.
242 4107 348 4162 Usener
366 4108 387 4174 l,
403 4108 550 4163 192-261.
589 4108 676 4162 Primi
696 4109 732 4164 ad
751 4109 823 4167 hanc
841 4109 1010 4179 scripturam
1029 4126 1091 4163 cum
1103 4108 1238 4163 Doctrina

12 4254 15 4263 ,
66 4196 254 4265 apostolorum
275 4196 492 4266 comparandam
514 4197 639 4251 animum
660 4197 847 4251 adverterunt
865 4197 971 4250 Usener
989 4197 1008 4250 l.
1025 4213 1048 4249 c.
1067 4195 1129 4264 p.V
1149 4213 1188 4265 sq.
1209 4198 1238 4249 et

64 4282 202 4347 Sabatier,
221 4281 266 4336 La
285 4282 407 4337 macca
425 4303 451 4353 p.
471 4287 514 4339 51.

982 4374 1029 4436 b*
