2918 4890
136 341 183 406 Vl
582 335 865 392 Paonaconnnn.
989 416 992 423 Ι

137 499 348 582 Apocalypsis
372 496 477 574 Petri,
501 496 667 559 Barnabae
690 496 826 578 epistula
849 500 880 560 et
903 497 1114 580 Evangelium
1138 497 1308 561 secundum

137 606 320 682 Hebraeos,
350 604 436 666 velut
465 600 564 664 libros
598 601 795 684 apocryphos
819 599 904 664 Novi
927 600 1122 666 Testamenti
1145 605 1311 666 enumerat

136 709 255 773 Itinera
278 708 365 772 Petri
389 711 420 770 et
435 705 564 770 loannis
588 712 619 770 et
634 707 785 785 Thomae,
809 706 1021 790 Evangelium
1037 709 1208 772 secundum
1224 707 1310 770 Tho-

136 836 238 891 mam‚
278 812 533 875 Doctrinam
578 810 892 894 apostolorum,
938 810 1088 894 epistulas
1127 810 1309 891 Clementia,

135 917 256 1002 Ignatii
272 921 304 980 et
316 915 492 999 Polycarpi,
516 914 679 980 Pastorem
695 915 841 995 Hermae,
859 921 890 979 et
905 915 1076 981 Doctrinae
1092 917 1310 1000 apostolorum

137 1023 286 1086 ducentos
310 1021 429 1085 stichos
453 1021 603 1083 attribuit
618 1021 654 1103 ¹).
700 1019 822 1096 Quibus
851 1021 986 1084 testibus
1019 1021 1237 1105 adiungendus
1262 1026 1311 1085 est

137 1125 301 1210 catalogus
323 1125 479 1187 librorum
505 1146 684 1202 sacrorum,
711 1124 765 1206 qui
787 1124 821 1187 in
845 1123 980 1209 Synopsi
1003 1125 1161 1189 succincta
1184 1126 1311 1189 divinae

138 1231 313 1313 scripturae
337 1228 376 1293 V.
404 1233 435 1292 et
457 1227 499 1292 N.
517 1228 553 1292 Τ.
577 1230 673 1313 vulgo
691 1227 869 1293 Athanasio
892 1230 1051 1312 adscripta
1073 1230 1156 1293 inest
1179 1234 1210 1293 et
1227 1231 1311 1293 circa

138 1335 300 1398 saeculum
325 1333 481 1396 decimum
504 1332 665 1396 confectus
688 1355 754 1396 esse
776 1332 948 1412 videtur2).
993 1332 1082 1397 Inter
1105 1334 1228 1398 easdem
1243 1334 1311 1398 fere

138 1439 321 1521 scripturas,
345 1460 425 1519 quae
448 1460 466 1500 a
488 1434 669 1518 Nicephoro
693 1439 892 1520 apocryphae
916 1438 1136 1518 declarantur,
1161 1440 1194 1502 in
1222 1443 1309 1502 cata-

136 1543 214 1624 logo
241 1546 394 1624 tanquam
420 1542 504 1604 inter
529 1539 753 1623 ἀντιλεγόμενα
775 1541 825 1605 vel
852 1543 1025 1625 scripturas
1049 1543 1161 1607 dubias
1188 1538 1310 1624 Διδαχὴ

139 1644 323 1708 ἀποστόλων
339 1644 444 1708 locum
460 1645 592 1722 obtinet,
616 1645 734 1710 scilicet
749 1651 822 1729 post
838 1645 957 1710 Itinera
972 1647 1059 1712 Petri
1079 1652 1110 1711 et
1125 1647 1254 1712 Ioannis
1278 1651 1310 1710 et

139 1751 280 1814 Thomae
303 1753 335 1813 et
350 1750 562 1833 Evangelium
586 1752 757 1814 secundum
775 1752 930 1815 Thomam
955 1756 987 1816 et
1009 1756 1082 1815 ante
1102 1750 1308 1816 Clementina.

227 1854 304 1917 Post
326 1852 542 1936 Nicephorum
560 1855 948 1939 Constantinopolitanum
972 1857 1052 1920 liber
1076 1856 1159 1939 apud
1176 1855 1310 1919 Graecos

142 1960 312 2043 paullatim
335 1981 373 2022 ex
397 1982 456 2023 usu
479 1961 575 2024 venit.
620 1960 715 2023 Anno
741 1962 824 2027 1056
848 1962 974 2044 quidem
997 1965 1078 2024 teste
1100 1960 1204 2023 codice
1228 1958 1312 2023 Con-

144 2063 432 2146 stantinopolitano
464 2087 560 2148 supra
583 2065 712 2128 laudato
736 2089 754 2128 a
776 2065 879 2129 Leone
900 2067 1025 2129 notario
1049 2065 1222 2148 descriptus
1246 2068 1311 2142 est3

140 2169 298 2251 plerisque
321 2172 426 2231 autem
441 2170 513 2232 iam
534 2170 715 2253 incognitus
738 2168 835 2233 fuisse
859 2171 992 2233 videtur.
1032 2169 1112 2234 Cum
1135 2168 1219 2232 enim
1242 2191 1312 2232 sae·

140 2274 210 2336 culo
236 2271 296 2336 XII
319 2273 447 2336 ineunte
469 2272 655 2336 Zonaras
678 2275 711 2337 in
735 2272 969 2338 Commentario
992 2274 1031 2337 ad
1049 2272 1217 2336 Athanasii
1242 2272 1310 2354 epi-

140 2377 256 2440 stulam
269 2377 412 2441 festalem
428 2376 566 2440 XXXIX
579 2378 605 2461 ³)
630 2378 757 2456 scribat,
780 2378 965 2442 Doctrinae]
984 2378 1199 2461 apostolorum
1215 2399 1312 2459 quos-

141 2482 213 2543 dam
237 2481 337 2544 dicere
360 2481 609 2546 Constitutiones
632 2504 698 2545 esse
720 2505 776 2564 per
792 2481 984 2547 Clementem
1004 2481 1207 2564 conscriptas,
1231 2503 1311 2563 quas

141 2586 278 2667 synodus
301 2584 455 2647 'Prullana
477 2608 505 2649 a.
530 2587 591 2650 692
616 2587 703 2650 velut
726 2588 766 2649 ab
783 2586 949 2650 haereticis
966 2586 1159 2651 adulteratas
1182 2607 1218 2648 ac
1241 2606 1312 2648 cor·

142 2692 252 2772 ruptas
275 2688 340 2772 legi
363 2691 507 2770 vetuerit,
532 2695 563 2754 et
587 2690 810 2755 Blastares
834 2691 957 2755 saeculo
973 2689 1052 2754 XIV
1068 2690 1161 2769 dicat,
1185 2688 1312 2751 Doctri-

141 2816 216 2856 nam
239 2793 454 2876 apostolorum
485 2817 503 2857 a
526 2796 646 2878 synodo
674 2801 762 2859 sexta
787 2796 850 2877 (vel
873 2796 1039 2877 Trullana)
1072 2794 1313 2858 condemnatam

141 2896 238 2959 fuisse
251 2896 287 2981 4),
312 2896 429 2959 librum
453 2899 572 2960 seiam
596 2921 660 2961 non
683 2899 798 2962 vidisse
817 2899 965 2982 produnt.
1012 2898 1098 2973 Quae
1113 2896 1313 2980 Nicephorus

144 2999 268 3063 Callisti
291 3000 333 3063 H.
358 3001 394 3065 Ε.
422 2998 463 3078 Π,
488 3001 529 3063 46
553 3000 669 3065 refert:
703 3000 755 3064 Ἐν
778 3002 884 3076 νόθοις
907 3004 962 3065 καὶ
987 3004 1041 3086 (sc.
1065 3005 1190 3085 praeter
1213 2999 1314 3064 Actus

142 3108 174 3166 et
196 3103 413 3187 Apocalypsin
438 3105 525 3169 Petri
548 3111 643 3190 atque
666 3106 803 3172 Hermae
820 3107 997 3190 Pastorem)
1020 3107 1040 3190 ἡ
1056 3104 1206 3191 Βαρνάβα
1222 3124 1315 3186 φερο-

143 3203 217 3287 μένη
241 3206 390 3290 ἐπιστολὴ
413 3209 468 3271 καὶ
491 3208 522 3270 αἱ
545 3208 711 3292 λεγόμεναι
733 3220 794 3275 τῶν
818 3211 1003 3274 ἀποστόλων
1026 3210 1151 3291 δτδαχαί
1174 3208 1254 3290 κτλ,
1278 3232 1315 3273 ea

144 3307 229 3369 haud
254 3308 347 3372 dubie
370 3332 408 3373 ex
431 3311 562 3377 Eusebii
586 3313 730 3378 Historia
752 3314 961 3379 ecclesiastica
985 3314 1176 3396 transcripta
1199 3319 1283 3378 sunt.

230 3411 316 3475 Inter
332 3413 508 3479 Latinos
532 3418 593 3480 duo
618 3420 679 3481 viri
697 3418 867 3482 Doctrinae
889 3419 1104 3502 apostolorum
1121 3419 1314 3482 mentionem

143 3516 272 3580 faciunt.
321 3516 413 3580 Alter
442 3524 489 3582 est
523 3527 632 3585 auctor
663 3523 737 3585 libri
771 3522 825 3586 De
859 3521 1146 3600 aleatoribuS‚
1179 3523 1233 3605 qui
1257 3523 1315 3586 sub

144 3621 271 3684 nomine
294 3620 445 3704 Cypriani
469 3625 508 3687 ad
532 3648 589 3690 nos
612 3627 766 3709 pervenit.
812 3625 985 3710 Postquam
1009 3649 1034 3690 c.
1060 3627 1080 3689 4
1103 3626 1199 3690 verba
1224 3625 1315 3689 Pauli

144 3725 280 3809 apostoli
304 3726 396 3808 plura
419 3734 450 3791 et
474 3729 576 3793 locum
600 3729 781 3814 Scripturae
804 3731 1002 3815 incognitum
1024 3731 1186 3808 laudavit,
1219 3731 1316 3794 verba

145 3836 298 3915 tanquam
331 3853 369 3894 ex
400 3832 621 3898 Doctrinis
653 3835 942 3916 apostolorum
972 3835 1158 3919 deprompta
1180 3834 1313 3916 allegat:

216 4003 241 4072 1)
259 4002 381 4058 Credner
399 4004 417 4057 l.
439 4022 460 4058 ο.
481 4023 506 4073 p.
526 4006 578 4059 244
597 4023 635 4074 sq.

214 4090 240 4160 2)
260 4090 381 4145 Credner
399 4093 417 4145 l.
438 4109 459 4145 ο.
479 4110 505 4160 ρ.
526 4092 577 4145 249
597 4110 636 4161 sq.
673 4092 777 4148 Athan.
798 4110 861 4162 opp.
880 4092 923 4146 ed.
943 4091 1042 4146 Patav.
1064 4094 1129 4147 1777
1150 4092 1183 4156 11,
1204 4092 1261 4147 154.

215 4180 242 4248 3)
261 4177 364 4246 Migne,
383 4176 488 4234 Patrol.
509 4176 556 4231 Gr.
576 4181 596 4235 t.
618 4180 667 4233 138
686 4197 713 4248 p.
733 4179 793 4234 863.

213 4267 241 4335 4)
261 4266 364 4335 Migne‚
384 4265 488 4321 Patrol.
509 4265 557 4320 Gr.
577 4268 598 4320 t.
620 4267 668 4319 144
687 4284 714 4336 p.
735 4268 809 4321 1142.
