2918 4890
364 328 585 385 SANOTORUM
597 326 862 382 APOSTOLORUM
880 325 983 394 XVIII,
995 325 1120 384 3-XlX.
1176 325 1177 329 ’
1283 326 1325 393 65

144 489 349 575 largiendum
371 489 541 570 fratribus,
577 509 745 573 personam
766 486 906 552 hominis
928 509 992 552 non
1015 487 1221 572 accipientes,
1251 507 1323 550 cum

145 594 293 679 episcopo
317 598 478 660 consortes
501 592 646 678 mysterii
669 613 705 656 ac
727 599 863 678 pugnae,
887 594 1117 676 congregantes
1139 589 1323 654 multitudi-

143 720 240 779 nem,
272 700 413 765 studiose
441 703 667 785 prosequentes
696 701 866 782 pastorem.
913 697 943 760 4.
969 695 1031 774 Qui
1063 695 1224 759 adextris
1247 699 1322 758 sunt

143 803 296 885 seniores,
320 805 475 890 episcopis
496 804 711 889 providebunt
732 802 766 867 in
790 801 955 881 sacrificio,
977 806 1014 865 ut
1029 799 1188 865 honorent
1210 803 1242 864 et
1264 801 1321 864 ho-

142 913 309 990 norentur,
333 915 489 995 quantum
512 932 591 994 opus
614 909 666 974 sit.
712 907 773 984 Qui
796 906 968 971 asinistris
984 910 1059 970 sunt
1074 905 1222 986 seniores,
1245 925 1348 989 pro-⁶

142 1013 301 1078 videbunt
321 1015 419 1099 plebi,
442 1020 479 1079 ut
502 1016 610 1099 quieta
632 1018 665 1079 et
688 1014 756 1079 sine
777 1013 919 1078 tumultu
941 1013 1001 1092 sit,
1035 1011 1175 1097 primum
1198 1011 1322 1076 erudita

144 1117 182 1180 in
204 1119 291 1183 omni
314 1119 518 1185 subiectione.
566 1121 595 1184 5.
619 1117 654 1184 Si
678 1120 748 1204 quis
771 1123 878 1183 autern
900 1117 1041 1182 monitus
1061 1121 1248 1202 arroganter
1270 1139 1321 1181 re-

143 1224 325 1308 sponderit,
356 1226 411 1311 qui
433 1226 473 1290 ad
496 1225 597 1291 altare
620 1230 713 1305 sunt,
744 1224 778 1288 in
802 1247 901 1288 unum
924 1222 1145 1288 convenientes
1166 1223 1201 1286 in
1224 1222 1321 1286 talem

142 1350 217 1393 cum
239 1352 340 1416 aequo
365 1331 513 1409 consilio,
538 1332 622 1416 quod
644 1331 765 1394 iustum
787 1334 853 1410 est,
882 1329 1069 1408 decemnnt,
1092 1332 1129 1392 ut
1151 1331 1184 1392 et
1205 1327 1320 1412 reliqui

142 1438 265 1499 metum
287 1434 437 1516 habeant,
460 1458 500 1500 ne
522 1435 618 1500 ullius
634 1457 774 1519 unquam
790 1456 958 1520 personam
973 1433 1129 1518 accipiant
1151 1437 1183 1497 et
1199 1434 1319 1499 malum
1333 1454 1358 1490 1⁰

142 1543 302 1605 accrescat
324 1543 361 1604 ut
383 1562 495 1605 cancer
518 1545 550 1606 et
573 1541 741 1624 capiantur
762 1562 881 1605 omnes.

230 1642 319 1710 XIX.
357 1643 490 1711 Iacobus
513 1647 612 1711 dixit:
636 1645 752 1711 Lector
771 1646 969 1736 instituatur,
992 1646 1047 1731 qui
1063 1645 1204 1731 primum
1219 1645 1318 1730 probe

143 1748 242 1816 fuerit
264 1749 428 1835 probatus,
451 1774 515 1816 non
539 1752 650 1837 lingua
674 1751 816 1831 mordax,
838 1773 904 1815 non
920 1751 1025 1815 ebrius
1048 1773 1151 1835 nequa
1173 1749 1319 1815 scurrilia

145 1855 307 1936 effutiens,
330 1856 422 1922 bonis
445 1858 598 1938 moribus,
624 1857 802 1936 oboediens,
825 1856 1031 1941 intellegens,
1053 1855 1087 1920 in
1109 1854 1318 1921 conventibus

144 1960 312 2056 dominicis
327 1962 449 2046 primus
466 1983 642 2042 accurrens,
665 1961 721 2046 qui
739 1960 831 2025 facile
847 1960 994 2026 audiatur
1009 1964 1042 2026 et
1056 1965 1203 2046 prompte
1218 1961 1315 2045 legat,
1331 1980 1356 2016 1⁶

145 2099 259 2167 gregati
266 2121 273 2164 ;
299 2098 329 2153 id
352 2100 427 2154 enim
451 2100 537 2157 verba
561 2101 588 2159 oi
609 2099 654 2158 ἐπὶ
677 2109 716 2177 τῷ
743 2099 820 2170 prius
828 2118 913 2170 quam
922 2101 957 2156 de
966 2099 1187 2171 diaconoegerit.
1196 2098 1236 2155 Of.
1244 2116 1317 2169 quae

142 2186 715 2263 docmccwlpdenotantmonveropres-
744 2187 848 2242 dehac
865 2206 895 2243 re
918 2187 976 2242 dixi
993 2189 1023 2242 in
1041 2187 1256 2258 Prolegomenis.
1282 2217 1317 2226 —

141 2271 255 2342 byteros
281 2275 421 2330 adextris
444 2279 553 2332 stantes
574 2276 605 2332 in
629 2278 713 2332 unum
742 2274 968 2345 καθιστανέσθω]
996 2274 1128 2330 Harnack
1152 2274 1316 2345 compilato·

143 2361 290 2416 convcnire
302 2378 366 2416 cum
377 2364 549 2433 presbyteris
564 2383 581 2420 a
594 2364 714 2420 sinistris
742 2379 801 2417 rem
818 2363 864 2418 hie
882 2380 976 2420 vocem
995 2359 1034 2431 εἷς
1057 2361 1192 2417 delevisse
1216 2363 1317 2427 censet,

141 2449 281 2503 stantibus
300 2451 345 2505 vel
364 2467 425 2505 cum
439 2450 572 2508 diaconis.
598 2453 714 2510 Diaconi
741 2469 827 2520 quam
839 2451 868 2505 in
881 2454 976 2507 vetere
991 2452 1131 2522 scriptura
1144 2450 1250 2507 lectam
1260 2466 1318 2504 esse

142 2552 208 2607 ergo
225 2537 322 2592 iudicii
335 2539 480 2594 exercendi
492 2539 641 2610 participes
657 2558 713 2597 non
741 2538 850 2595 conicit.
884 2539 937 2595 Sed
957 2557 1044 2611 neque
1062 2539 1108 2594 hic
1123 2556 1212 2608 neque
1230 2555 1315 2608 supra

139 2640 196 2679 esse
206 2623 347 2680 videntur.
366 2657 393 2666 -
415 2630 525 2699 νεμηθῇ
533 2624 712 2704 ὼςγάγγραι-
742 2625 784 2690 18,
805 2626 819 2680 1
839 2629 934 2682 textus
952 2630 1079 2682 mutatus
1097 2643 1155 2681 esse
1172 2625 1315 2695 putandus

140 2711 184 2782 να]
205 2710 464 2778 carminare
494 2712 611 2770 constit.
622 2719 712 2786 apost.
740 2716 789 2768 est.
809 2745 841 2754 -
860 2735 919 2790 κυρ.
932 2715 1068 2786 συνόδοις]
1087 2716 1105 2769 i.
1119 2731 1141 2768 e.
1161 2729 1314 2783 congrega·

139 2798 273 2864 11,41.-
290 2800 710 2874 alwaresraocmwfalrim.
740 2801 863 2856 tionibus
890 2802 1014 2857 fidelium
1041 2801 1086 2856 die
1112 2801 1251 2857 dominica
1277 2800 1312 2854 ad
1414 2859 1415 2862 Ἴ

139 2887 161 2952 3,
181 2891 206 2943 6.
236 2890 295 2958 ign.
315 2889 425 2944 Philad.
444 2889 468 2955 2,
487 2891 511 2943 2.
740 2890 888 2961 liturgiam
924 2890 1122 2947 celebrandam
1157 2889 1248 2944 factis.
1284 2918 1313 2929 -

171 2975 246 3030 XIX.
282 2975 470 3051 ἀναγνώστης]
504 2977 544 3032 Ex
574 2979 625 3034 hoc
652 2978 712 3034 loco
738 2978 902 3052 διηγητικός]
928 2979 1060 3034 Harnack
1075 2979 1148 3032 hanc
1166 2994 1260 3033 vocem
1279 2976 1313 3030 de

138 3061 269 3120 Harnack
280 3065 424 3132 conclusit,
438 3068 563 3136 ternpore
577 3067 711 3135 antiquis·
739 3067 877 3123 facultate
889 3067 1048 3137 scripturae
1065 3067 1156 3122 lectae
1173 3065 1313 3135 explican-

138 3152 215 3219 simo,
234 3152 254 3208 i.
272 3171 295 3208 e.
313 3170 401 3223 usque
420 3153 457 3208 ad
473 3172 579 3208 annum
591 3155 643 3209 200
661 3155 711 3210 eir-
738 3153 792 3210 dae
809 3155 1022 3226 interpretatur.
1058 3154 1129 3208 Mihi
1148 3171 1201 3210 vox
1218 3153 1313 3224 potius

138 3240 220 3306 citer,
246 3241 380 3298 lectorem
405 3243 530 3299 ordinem
558 3244 711 3300 obtinuisse
739 3248 830 3299 artem
858 3243 997 3299 recitandi
1029 3243 1164 3299 denotare
1191 3243 1312 3299 videtur.

138 3331 203 3385 ante
222 3328 378 3384 diaconum.
416 3328 563 3387 Sententia
581 3349 647 3388 vero
664 3350 710 3388 ne·
739 3331 858 3387 Etiamsi
877 3332 952 3387 enim
965 3349 1167 3401 nonnunquam
1188 3332 1313 3388 accidere

136 3433 189 3487 que
214 3415 374 3471 verisimilis
397 3434 487 3487 neque
513 3419 635 3488 probata
658 3421 709 3474 cst.
737 3421 838 3491 potuit,
848 3423 881 3474 ut
891 3420 978 3478 lector
988 3419 1161 3490 scripturam
1174 3419 1312 3491 interpre-

137 3505 313 3574 Argumenta
326 3504 587 3576 exaliisscripturis
602 3508 710 3563 adeam
738 3511 862 3574 teretur,
889 3508 920 3562 in
948 3507 1108 3563 universum
1135 3508 1188 3564 hoc
1211 3526 1312 3562 munus

136 3592 357 3650 confirmandam
386 3594 478 3648 allata
504 3593 574 3648 satis
597 3593 710 3650 infirma
738 3596 802 3651 aliis
817 3595 885 3650 viris
897 3595 1032 3650 incubuit.
1052 3625 1085 3635 —
1103 3593 1310 3670 εὐαγγελιστοῦ]

137 3682 210 3735 sunt.
247 3680 288 3734 Ex
305 3681 357 3737 hoc
375 3684 471 3736 autem
486 3682 546 3737 loco
564 3682 636 3736 nihil
655 3683 710 3739 col·
737 3684 807 3739 Cum
825 3681 1008 3753 evangelistis
1021 3683 1110 3739 lector
1123 3685 1311 3752 comparatur,

135 3767 282 3839 ligandum
291 3771 341 3824 est.
361 3769 545 3839 Nequaquam
553 3771 627 3825 enim
635 3771 711 3828 hane
736 3772 840 3843 quippe
857 3771 906 3842 qui
923 3770 1134 3828 illorumlibros
1152 3771 1310 3841 praelegat.

136 3856 291 3927 scripturae
308 3859 420 3928 partem
437 3858 529 3913 altera
548 3859 651 3914 sacculi
670 3878 709 3916 se·
736 3860 797 3918 Vox
815 3860 861 3915 hic
883 3861 980 3917 codem
998 3878 1079 3915 sensu
1102 3859 1233 3915 adhibita
1250 3876 1309 3915 esse

138 3943 220 3998 cundi
238 3947 322 4014 parte
341 3945 387 4000 vel
399 3962 431 4002 eo
442 3949 576 4016 tempore,
594 3965 648 4016 quo
660 3948 710 4004 ille
736 3949 856 4013 videtur,
875 3967 930 4018 quo
950 3966 983 4004 ea
996 3966 1061 4002 usus
1073 3951 1116 4003 est
1128 3948 1309 4004 PseudoOri-

135 4031 203 4088 ordo
223 4032 309 4087 etiam
332 4032 454 4103 viguisse
474 4033 588 4100 dicitur,
616 4041 709 4093 ortum
736 4057 820 4109 genes
835 4039 874 4095 De
892 4041 968 4094 recta
987 4039 1016 4093 in
1029 4039 1117 4093 Deum
1134 4035 1188 4090 fide
1207 4035 1250 4091 ed.
1270 4034 1310 4091 De

136 4119 242 4176 habers
260 4123 366 4176 certum
385 4125 435 4177 est.
466 4122 615 4179 Praeterea
633 4124 709 4180 haud
735 4126 766 4180 la
778 4127 838 4182 Rue
852 4127 873 4192 1,
887 4126 938 4182 807
948 4123 981 4180 D.
1018 4125 1113 4180 Alium
1131 4142 1241 4180 sensum
1259 4126 1310 4180 ha·

134 4206 249 4264 difficile
267 4209 359 4264 estad
372 4210 577 4280 explicandum,
596 4230 652 4282 qua
664 4231 709 4268 ra·
736 4214 785 4269 bet
803 4213 873 4284 Eph.
891 4215 915 4278 4,
936 4215 982 4278 11;
1008 4214 1069 4269 Act.
1087 4215 1129 4278 21,
1148 4214 1179 4278 83
1198 4212 1225 4266 II
1237 4211 1309 4266 Tim.

133 4293 210 4351 tione
228 4298 326 4353 auctor
343 4297 379 4352 de
392 4299 495 4355 lectore
513 4300 564 4356 hoc
585 4301 645 4357 loco
663 4303 709 4357 vel
735 4306 759 4368 4,
778 4307 792 4359 5
811 4297 906 4379 (ἔργον
921 4306 1037 4375 ποίησον
1054 4301 1262 4379 εὐαγγελιστοῦ)
1280 4301 1310 4356 et

186 4402 267 4447 Docta.
281 4407 358 4456 apocr.
375 4409 410 4450 sd.
423 4407 501 4452 ltnnk.
1082 4414 1098 4469 5
