2918 4890
210 319 251 384 62
567 318 734 375 GANONES
755 316 1019 376 ECOLESIASTIOI

293 475 412 544 XVIII.
451 477 572 553 Πάντες
587 479 740 560 ἀντεῖπον,
764 480 811 541 ὅτι
833 481 870 542 οὐ
886 479 951 561 δύο,
975 477 1058 542 ἀλλά
1078 489 1179 562 τρεῖς·
1201 481 1304 543 εἴκοσι
1319 481 1382 563 γὰρ

203 584 258 645 καί
279 582 428 666 τέσσαρές
451 584 510 647 εἰσι
531 583 744 669 πρεσβύτεροι,
768 583 894 648 δῶδειια
918 585 956 647 ἐκ
979 583 1087 662 δεξιῶν
1115 586 1170 647 καὶ
1194 584 1324 648 δῶδεκα
1347 583 1382 661 ἐξ

202 689 376 771 εὐωνύμων.
414 690 444 754 2.
467 687 612 773 Ἰωάννης
629 690 728 753 εἶπεν·
750 688 868 765 Καλῶς
883 688 1090 773 ὑπεμνήσοιτε,
1107 689 1255 771 ἀδελφοί·
1279 676 1383 772 cipes

96 863 110 877 ,λ
200 796 261 876 γάρ
286 794 323 856 ἐκ
346 793 455 872 δεξιῶν
479 794 642 879 δεχόμενοι
668 795 730 858 ἀπὸ
753 805 814 860 τῶν
838 794 1046 878 ἀρχαγγέλων
1069 783 1124 870 τὰς
1143 794 1258 878 φιάλας
1281 815 1384 878 προσ-

175 897 330 981 δφέρουσι
352 907 396 983 τῷ
421 898 567 984 δεσπότῃ,
591 899 678 962 οἶδὲ
703 899 736 977 ἐξ
759 901 930 982 ἀριστερῶν
955 899 1103 984 ἐπέχουσι
1124 908 1167 985 τῷ
1182 899 1303 984 πλήθει
1318 909 1384 965 τῶν

202 1001 355 1086 ἀγγέλων.
403 1007 432 1069 3.
457 1003 511 1067 Δεῖ
534 1005 587 1067 οὖν
612 1005 782 1079 εἶναιτοὺς
805 1003 1035 1090 πρεσβυτέρους
1067 1004 1129 1088 ἤδη
1151 1004 1385 1088 κεχρονικάτας

203 1107 252 1170 ἐπὶ
274 1114 317 1191 τῷ
334 1107 454 1193 κόσμῳ,
477 1109 584 1195 τρόπῳ
600 1112 657 1173 τινὶ
673 1109 888 1194 ἀπεχομένους
904 1119 959 1194 τῆς
975 1111 1053 1193 πρὸς
1068 1119 1221 1194 γυναῖκας
1237 1108 1384 1173 συνελεύ-

202 1300 353 1362 moustrct;
379 1300 441 1365 sed,
459 1303 492 1354 ut
512 1302 599 1355 verba
616 1300 721 1359 δώδεκα
745 1300 775 1371 ἐξ
803 1303 870 1358 nino
888 1319 1036 1355 numerum
1054 1300 1102 1358 δύο
1123 1316 1252 1356 amovere
1275 1317 1312 1354 ac
1330 1318 1382 1354 nu-

203 1389 299 1454 δεξιῶν
316 1391 374 1443 κτλ.
393 1404 415 1440 c.
437 1386 468 1441 18
485 1387 625 1453 iudicant,
647 1390 676 1442 id
695 1407 775 1459 prae·
790 1406 911 1485 pmerum
929 1396 1003 1462 τρεῖς
1020 1388 1150 1442 inducere
1162 1387 1277 1442 voluit?
1296 1385 1385 1456 Equi-

203 1475 299 1529 sertim
317 1475 437 1544 probare
461 1476 537 1540 vult,
564 1476 633 1530 duas
655 1477 776 1547 episcopi
790 1476 866 1571 pdem
884 1476 936 1530 hoc
953 1494 1010 1532 uon
1028 1476 1126 1531 sentio.
1161 1475 1262 1545 Itaque
1284 1475 1384 1531 omnia

204 1561 248 1615 vel
267 1562 366 1615 altaris
383 1563 478 1631 partes
502 1580 617 1618 nurnero
635 1564 776 1620 ministro·
790 1576 792 1603 ⁴
804 1563 892 1617 eidem
911 1564 1019 1619 auctori
1038 1563 1226 1617 adiudicanda
1245 1564 1328 1624 silut,
1353 1564 1383 1616 et

203 1667 266 1701 rum
290 1649 352 1718 pari
370 1648 540 1704 obtinendas
560 1667 626 1705 esse.
661 1651 776 1707 Prorsus
790 1608 935 1705 inumerus
954 1659 1028 1724 τρεῖς
1051 1650 1116 1704 inde
1134 1648 1303 1719 repetendus
1323 1664 1384 1702 esse

203 1736 545 1805 deniqueasimilitudine
555 1740 696 1803 abhorret,
713 1757 776 1794 auc·
805 1737 924 1802 videtur,
943 1739 1017 1806 quod
1027 1738 1103 1791 infra
1113 1755 1136 1792 c.
1145 1739 1179 1792 20
1197 1739 1255 1791 tres
1268 1734 1383 1790 diaconi

203 1824 293 1879 torem
311 1826 344 1878 ut
360 1824 464 1895 viginti
476 1829 612 1895 quattuor
621 1826 778 1897 presbyteri
804 1827 1066 1881 commemorantur.
1098 1826 1203 1880 Auctor
1213 1823 1301 1878 habet
1314 1839 1383 1892 ergo

204 1912 368 1968 ordinentur
386 1914 467 1977 velle,
487 1931 549 1968 cum
567 1931 588 1970 c.
603 1917 636 1970 16
648 1914 777 1970 ccclesias
805 1913 847 1967 bis
865 1913 954 1968 trinos
967 1912 1088 1976 clericos,
1106 1913 1231 1981 quicum
1246 1909 1383 1966 duodenis

204 1999 334 2053 minimas
353 2002 512 2070 respexerit.
805 2001 958 2056 srenioribu
976 2001 1159 2072 Apocalypsis
1170 1998 1299 2068 componi
1317 2014 1382 2068 pos·

238 2087 336 2153 XVIII,
358 2090 378 2141 l.
407 2085 493 2148 εἰὲιοσι
507 2090 561 2165 γὰρ
579 2094 624 2147 καὶ
636 2089 777 2162 τέσσαρες]
805 2088 870 2141 siut.
906 2088 947 2143 cf.
969 2088 1091 2142 Boziata
1117 2089 1229 2156 critique
1255 2087 1325 2142 1886
1353 2102 1381 2154 p.

206 2175 505 2246 cf.Apoc.4,4.10.
542 2180 656 2233 Partem
682 2180 777 2231 autem
805 2177 855 2230 365
869 2193 909 2244 sq.
940 2175 983 2231 Nc
1001 2192 1132 2246 opponas,
1152 2175 1269 2230 constit.
1289 2174 1381 2243 apost.

205 2263 343 2318 seniorum
356 2266 643 2336 adextris,partema
657 2264 776 2319 sinistris
805 2262 885 2327 VIII,
912 2264 944 2316 12
971 2263 1034 2317 init.
1062 2263 1239 2332 presbyteros
1267 2260 1382 2331 proprie

205 2368 270 2416 esse,
290 2353 315 2406 S.
329 2352 473 2423 Scriptura
490 2371 546 2408 non
559 2353 635 2416 dicit,
654 2352 702 2406 sed
715 2369 777 2405 auc·
804 2350 891 2406 dictos
910 2369 927 2406 a
946 2351 1051 2406 dextris
1073 2354 1101 2406 ct
1125 2369 1143 2405 a
1167 2349 1288 2403 sinistris
1306 2348 1382 2402 alta-

110 2475 113 2479 ν
206 2442 250 2494 tor
269 2439 356 2496 addit.
393 2440 610 2510 Argumentatio
634 2442 705 2493 mira
727 2442 776 2506 est,
804 2439 841 2492 ris
852 2440 959 2493 stantes
969 2439 1187 2494 commemorari.
1216 2437 1291 2492 Ordo
1300 2435 1381 2490 haud

206 2529 234 2581 et
246 2527 295 2580 alii
308 2527 399 2582 locum
412 2529 496 2582 aliter
510 2528 690 2597 interpretati
703 2530 776 2580 sunt.
804 2525 887 2579 dubis
909 2526 940 2579 in
965 2527 1083 2594 singulis
1108 2525 1227 2580 ecclesiis
1251 2524 1380 2579 diversus

208 2615 402 2683 lirawutzcky,
443 2616 529 2668 Theoi.
568 2615 778 2683 Quartaiscbra'ft
804 2616 873 2675 erat,
892 2614 922 2666 in
935 2613 1087 2668 maioribus
1100 2612 1171 2666 alius
1184 2613 1270 2681 atque
1285 2611 1316 2664 in
1328 2610 1380 2664 mi-

208 2703 275 2755 1882
293 2721 320 2770 p.
339 2703 447 2770 400sq„
467 2702 590 2765 coniecit,
611 2703 696 2756 verba
708 2702 776 2759 πάν·
804 2701 925 2756 noribos.
955 2702 1105 2755 Praeterea
1122 2700 1153 2754 in
1172 2699 1311 2768 scriptura
1325 2698 1382 2752 illa

205 2809 299 2856 τες-
321 2797 394 2864 τρεῖς
420 2791 449 2842 et
476 2787 598 2859 Ἰωάννης
612 2818 644 2828 —
664 2789 778 2860 ἀδελφοί
804 2807 913 2858 quoque
931 2791 948 2846 l.
962 2807 982 2843 c.
1002 2788 1125 2844 diaconis
1144 2805 1199 2843 uon
1218 2787 1310 2842 solum
1327 2786 1382 2840 mi·

205 2882 240 2943 (v.
251 2879 278 2949 2)
298 2878 509 2947 acompilatore
528 2878 594 2931 libri
612 2877 646 2929 dc
666 2895 715 2932 suo
728 2877 776 2930 ad·
805 2877 950 2931 nisterium
971 2878 1007 2932 ad
1030 2877 1121 2930 altare
1139 2875 1323 2930 exercendum
1335 2876 1381 2928 at·

205 2969 273 3031 dita,
292 2969 385 3021 cetera
404 2967 497 3020 autem
517 2982 549 3019 cx
568 2965 706 3035 scriptura
725 2965 776 3019 ali·
805 2965 947 3029 tribuitur,
966 2982 1029 3019 cum
1049 2965 1188 3034 scriptura
1201 2965 1305 3025 nostra,
1325 2962 1381 3016 nisi

205 3073 261 3125 qua
280 3058 374 3110 vetere
391 3054 495 3108 hausta
514 3071 585 3118 csse,
608 3055 638 3107 in
657 3072 712 3122 qua
731 3054 777 3108 de·
804 3071 869 3124 pars
892 3054 1030 3109 seniorum
1059 3053 1093 3106 de
1119 3051 1243 3107 diaconis
1267 3051 1382 3106 intelle·

205 3146 310 3197 cretum
329 3143 439 3197 fuisset:
459 3143 527 3198 duos
546 3143 646 3196 saltem
666 3142 777 3211 presby·
805 3143 890 3212 gitur,
904 3159 1003 3194 munus
1017 3139 1151 3195 eiusmodi
1164 3157 1220 3194 non
1233 3141 1382 3208 agnoscat,

205 3234 278 3287 teros
290 3230 475 3285 instituendos
495 3233 524 3284 et
537 3230 621 3283 alteri
634 3248 650 3283 a
664 3229 776 3294 dextris,
805 3231 851 3284 sed
870 3229 957 3285 etiam
976 3229 1052 3284 locus
1065 3243 1097 3280 ex
1111 3229 1229 3294 utraque
1244 3227 1327 3294 parte
1338 3226 1380 3278 al·

206 3319 289 3373 alteri
308 3317 458 3371 asinistris
476 3318 602 3386 episcopo
616 3318 777 3371 ministrau-
805 3319 875 3372 tatis
894 3318 1062 3384 assignatur,
1085 3313 1123 3368 eis
1143 3312 1260 3375 scilicet,
1279 3312 1382 3380 quibus

205 3406 272 3458 dum
290 3422 358 3469 csse,
384 3405 514 3458 similiter
539 3408 624 3474 atquc
648 3404 678 3457 in
701 3405 777 3459 caclo
805 3423 915 3460 muscae
940 3424 956 3458 a
981 3404 1087 3474 poculis
1114 3401 1270 3471 abigendae
1289 3404 1383 3455 erant.

206 3491 349 3546 duodecim
373 3493 492 3546 seniores
518 3510 534 3545 a
553 3492 658 3546 dextris
677 3494 777 3553 esseut,
805 3493 929 3561 Denique
941 3490 1096 3546 notandum
1110 3492 1159 3553 est,
1177 3505 1217 3554 ea,
1231 3506 1304 3558 quae
1316 3506 1381 3543 auc-

205 3579 350 3637 duodecim
369 3578 525 3632 asinistris.
557 3579 631 3633 Idem
645 3577 779 3632 Hamack
805 3584 850 3636 tor
869 3581 913 3633 hio
932 3578 1012 3639 dicit,
1039 3577 1105 3632 clim
1129 3593 1333 3645 nonnunquam
1350 3575 1380 3629 in

206 3669 319 3731 censuit,
336 3667 445 3720 textum
458 3665 612 3735 scripturae
623 3666 724 3721 veteris
736 3683 777 3720 re·
805 3666 925 3722 ecclesiis
950 3666 1061 3736 depicta
1089 3665 1180 3719 fuisse.
1216 3665 1251 3718 In
1276 3682 1380 3720 memo·

206 3757 334 3812 stituens.
370 3752 461 3822 Aegre
480 3756 575 3807 autem
593 3754 654 3822 quis
672 3753 777 3818 credat,
805 3757 877 3810 riam
896 3755 968 3809 libet
985 3771 1115 3809 revocare
1133 3771 1201 3823 opus
1223 3753 1295 3807 illud
1320 3771 1380 3806 mu-

205 3847 353 3912 tantopere
394 3841 605 3910 compilatorem
653 3840 778 3895 ordinem
805 3844 903 3906 sivum,
912 3861 965 3911 quo
975 3841 1067 3912 parics
1078 3860 1163 3911 supra
1173 3858 1268 3895 arcum
1278 3841 1382 3895 trium-

206 3931 344 3994 evertisse,
366 3928 449 3997 idque
467 3945 499 3984 co
517 3927 621 3990 minus,
640 3946 694 3996 quo
712 3927 778 3981 faci·
806 3931 918 4000 phalem
947 3933 1053 3984 erectus
1082 3929 1215 3984 basilicae
1245 3927 1271 3984 S.
1297 3928 1378 3984 Pauli

207 4019 260 4072 lius
278 4017 456 4072 harmoniam
469 4032 647 4070 numerorum
667 4032 778 4070 servare
806 4020 885 4071 extra
904 4017 986 4070 Urbis
1005 4035 1098 4072 muros
1116 4016 1252 4070 instinctu
1271 4016 1297 4071 S.
1311 4017 1379 4072 Leo·

206 4105 312 4175 potuit,
337 4105 394 4160 sive
418 4121 563 4158 numerum
582 4103 720 4157 traditum
739 4121 778 4157 rc·
806 4105 870 4159 nisl
886 4122 977 4174 papae
995 4107 1023 4159 et
1035 4104 1226 4159 munificentia
1237 4103 1380 4157 Placidiac

207 4192 329 4256 tinebat,
349 4192 407 4245 sive
426 4192 485 4246 voci
504 4191 552 4247 δύο
570 4208 665 4246 vocem
683 4190 779 4248 τέσσα-
805 4192 920 4261 reginae
939 4193 1053 4247 ornatus
1072 4194 1122 4244 cst.

207 4299 254 4353 ρες
271 4279 468 4333 substituebat.
507 4281 562 4333 Aut
587 4280 704 4333 fortasse
722 4297 779 4333 om·
841 4281 865 4333 2.
894 4280 925 4333 In
946 4278 1126 4348 Apocalypsi,
1152 4277 1259 4332 utiam
1278 4296 1312 4333 ex
1331 4279 1380 4336 ad·
