2918 4890
138 280 280 348 xxvffl
584 276 863 333 rnonnsonnrva

138 440 182 503 Et
205 440 232 504 si
256 440 351 504 verba
374 437 507 521 δευτέρα
530 436 564 500 δὲ
588 435 698 520 ἐντολὴ
715 445 769 520 τῆς
786 435 917 520 διδαχῆς
940 436 1006 516 2,1
1030 436 1077 499 ita
1098 403 1339 536 intellegenda·

139 549 260 625 essent,
288 549 324 609 ut
346 545 535 628 interpretes
559 543 723 626 hucusque
745 542 929 620 voluerunt,
962 541 1081 605 scilicet
1103 541 1141 605 de
1161 542 1317 607 mandato

139 652 254 714 amoris
277 650 425 733 proximi,
448 647 607 733 particula
630 647 683 710 vix
700 647 840 731 genuina
856 646 1008 710 declarari
1024 649 1140 729 posset.
1178 645 1211 709 Si
1228 646 1317 710 enim

57 799 60 803 -
137 754 357 836 interpretatio
379 754 437 817 illa
460 756 545 817 recta
567 755 665 831 esset,
700 751 796 815 verba
818 749 935 812 τούτων
960 749 994 812 δὲ
1016 757 1077 812 τῶν
1101 749 1204 832 λόγων
1227 750 1249 834 ἡ
1274 749 1317 813 δι-

140 857 222 941 δαχή
240 858 320 920 ἐστιν
336 859 414 941 αὕτη
439 857 476 921 de
498 857 649 921 mandato
672 857 788 920 amoris
805 856 864 920 Dei
879 855 1064 938 explicanda
1080 859 1192 935 essent,
1216 878 1316 940 quam

137 963 432 1047 interpretationem
462 963 576 1027 falsam
609 984 675 1027 esse
699 961 963 1045 exsequentibus
987 959 1147 1024 evidenter
1170 965 1315 1044 apparet,

139 1091 209 1132 cum
232 1067 317 1131 diota
340 1068 542 1152 evangeliea,
573 1089 655 1151 quae
683 1071 793 1150 postea
825 1070 1062 1151 proponuntur,
1093 1087 1156 1130 non
1182 1069 1251 1129 tam
1275 1066 1316 1129 ad

138 1195 277 1237 amorem
300 1172 361 1237 Dei
391 1196 487 1257 quam
511 1173 551 1237 ad
575 1194 714 1237 amorem
741 1171 921 1256 proximum
944 1171 1114 1254 pertinent.
1160 1170 1316 1234 Attamen

138 1278 234 1341 verba
258 1277 388 1361 δευτέρα
411 1277 522 1362 ἐντολή
554 1300 755 1362 nequaquam
784 1278 822 1342 de
847 1298 961 1341 amore
989 1275 1130 1358 ‚proximi
1161 1275 1316 1340 sumenda

138 1386 233 1460 sunt;
257 1382 409 1447 denotant
432 1383 538 1467 potius
562 1383 657 1446 aliam
680 1381 924 1464 explicationem
948 1380 1170 1444 mandatorum
1191 1380 1315 1463 princi·

138 1485 259 1568 palium
281 1487 485 1571 indicantque
507 1510 576 1551 eam
597 1487 666 1550 viae
681 1487 765 1550 vitae
780 1485 1018 1569 expositionem,
1043 1507 1139 1568 quam
1155 1485 1315 1549 Dominus

137 1589 254 1653 Matth.
282 1591 333 1669 19,
359 1591 399 1654 18
423 1592 490 1674 ipse
513 1591 608 1655 dedit.
992 1580 994 1584 Α

224 1695 274 1759 Ex
306 1697 482 1761 rationibus
514 1718 590 1781 ergo
622 1719 700 1780 quas
731 1695 841 1760 dicunt
867 1694 1047 1758 intrinsecis
1070 1693 1226 1778 particula
1248 1716 1316 1757 non

137 1800 341 1883 interpolatio
363 1800 510 1865 habenda
533 1806 589 1866 est.
637 1799 791 1864 Rationes
815 1821 890 1863 vero
913 1799 1106 1863 extrinsecae
1128 1797 1315 1861 authentiae

138 1903 200 1967 loci
232 1927 294 1968 non
328 1906 432 1970 minus
463 1907 572 1971 favent
603 1929 699 1990 quam
729 1906 946 1969 adversantur.
991 1902 1153 1967 Particula
1182 1902 1312 1985 quidem

138 2010 222 2092 apud
246 2013 341 2072 testes
364 2009 509 2075 laudatos
535 2011 738 2075 desideratur.
773 2010 854 2073 Eam
870 2032 945 2074 vero
961 2008 1214 2094 antiquissimam
1232 2030 1311 2088 esse,

137 2101 203 2177 non
226 2114 327 2177 solum
355 2114 436 2178 liber
458 2114 522 2179 VH
545 2114 816 2180 Oorrstitutionum
847 2114 1062 2197 apostolorum
1092 2117 1245 2191 testatur,
1277 2113 1313 2176 in

140 2240 203 2301 quo
227 2218 322 2282 simili
345 2220 438 2283 modo
455 2243 491 2284 ac
506 2220 628 2303 reliqua
645 2219 818 2301 scripturae
834 2241 907 2302 pars
923 2223 1047 2303 recepta
1063 2221 1120 2298 est,
1143 2217 1312 2282 sedetiam

137 2321 272 2386 Hermas
297 2322 437 2388 Pastoris
460 2329 581 2404 auctor,
605 2325 659 2408 qui
675 2323 862 2388 Doctrinam
883 2324 947 2399 1,5
972 2323 1146 2406 exscripsit.
1186 2320 1312 2385 Proba-

140 2427 247 2492 biliter
269 2431 365 2494 verba
382 2428 552 2496 Clementis
568 2429 777 2495 Alexandrini
804 2452 929 2514 quoque
945 2451 1040 2512 supra
1055 2452 1085 2511 p.
1103 2426 1164 2491 XV
1181 2427 1313 2491 laudata

139 2533 179 2596 ad
202 2532 287 2597 hunc
309 2534 413 2598 locum
445 2536 608 2601 referenda
639 2538 725 2600 sunt.
768 2533 802 2599 Si
833 2536 989 2619 particula
1021 2538 1126 2599 autem
1149 2534 1211 2596 iam
1236 2536 1313 2597 ante

138 2638 295 2702 saeculum
319 2638 352 2704 ΙΙ
376 2641 513 2704 medium
536 2640 619 2705 lecta
641 2641 738 2705 fuisse
760 2640 903 2718 videtur,
938 2640 965 2703 si
995 2639 1035 2702 ab
1059 2631 1198 2703 coteste
1226 2642 1313 2702 certe

138 2744 330 2827 agnoscitur,
355 2746 410 2830 qui
434 2745 555 2829 primus
579 2767 615 2808 ao
630 2745 715 2810 solus
738 2749 841 2810 totam
861 2747 898 2810 de
914 2746 1035 2810 duabus
1051 2745 1111 2809 viis
1133 2744 1312 2808 doctrinam

137 2850 356 2932 transcripsit,
387 2873 458 2915 oum
479 2851 594 2930 ceteri,
625 2850 740 2915 Latino
763 2851 899 2916 fortasse
922 2854 1068 2933 excepto,
1099 2849 1164 2914 eius
1187 2853 1313 2931 partem

138 2956 262 3017 tantum
287 2955 468 3034 exhibeant,
492 2957 560 3020 iure
584 2957 761 3040 meritoque
780 2958 972 3041 quaerimus,
996 2977 1100 3020 nonne
1115 2955 1220 3039 potius
1236 2977 1313 3018 auc-

137 3057 200 3121 tori
223 3081 315 3141 quam
341 3061 564 3145 interpolatori
590 3062 796 3127 adscribenda
819 3063 870 3128 sit.
916 3062 1002 3127 Fieri
1024 3083 1099 3125 sane
1121 3060 1243 3144 potuit,
1274 3064 1313 3123 ut

136 3162 293 3243 particula
309 3165 348 3228 ab
365 3165 427 3230 alio
443 3168 476 3230 in
491 3168 650 3251 scriptura
666 3167 867 3232 insereretur.
907 3167 953 3231 At
969 3166 1038 3230 fieri
1054 3186 1179 3248 quoque
1194 3164 1311 3247 potuit,

139 3269 175 3328 ut
198 3289 271 3330 mox
294 3268 327 3331 in
351 3273 523 3355 exemplari
547 3273 654 3356 aliquo
677 3294 751 3336 casu
774 3276 981 3350 evanesceret,
1005 3271 1033 3335 si
1056 3269 1138 3333 forte
1157 3269 1313 3335 Doctrina

137 3391 209 3432 cum
239 3372 308 3436 aliis
332 3376 496 3458 scripturis
528 3378 560 3440 in
592 3397 655 3441 uno
686 3376 847 3441 volumine
870 3377 1039 3440 coniuncta
1061 3376 1095 3438 in
1118 3376 1219 3438 altera
1241 3374 1312 3439 folii

138 3475 256 3559 pagina
278 3476 324 3540 ita
346 3477 531 3562 incipiebat,
566 3485 602 3545 ut
631 3482 718 3546 locus
745 3482 858 3546 folium
881 3503 1014 3566 sequens
1037 3481 1194 3564 expleret,
1227 3480 1312 3563 quod

141 3580 338 3665 deperditum
362 3582 460 3648 fuisse
482 3585 624 3650 conicere
647 3588 720 3652 licet
736 3587 778 3671 ¹),
806 3586 915 3650 velut
938 3610 956 3651 a
978 3586 1110 3650 librario
1133 3585 1184 3649 vel
1207 3609 1225 3649 a
1247 3589 1312 3648 tes·

138 3685 224 3750 tibus
246 3685 383 3749 laudatis
406 3691 721 3772 praetermitteretur,
740 3693 777 3756 'et
796 3693 823 3756 si
840 3693 1087 3771 consideravero,
1111 3692 1194 3772 quod
1217 3690 1310 3753 modo

138 3790 212 3870 dixi,
235 3794 330 3855 testes
354 3792 505 3858 maiorem
528 3796 683 3861 minorem
703 3797 877 3861 Doctrinae
900 3801 1024 3880 partem
1040 3795 1226 3881 neglexisse,
1250 3795 1310 3858 hoo

138 3894 218 3957 mihi
240 3895 442 3960 verisimilius
466 3920 532 3962 esse
547 3899 682 3964 videtur.
722 3898 836 3965 Omitti
853 3905 958 3965 saitem
974 3903 1090 3985 potuit,
1115 3900 1198 3984 quod
1214 3903 1309 3964 testes

210 4138 235 4207 1)
254 4139 297 4193 Sic
315 4140 461 4194 Gebhardt
484 4140 515 4194 in
533 4141 655 4197 editione
675 4142 877 4199 Harnaolriana
893 4144 998 4202 maiore
1021 4163 1049 4215 p.
1069 4145 1208 4199 ara-282
1226 4142 1309 4198 omis-

137 4223 241 4280 sionem
260 4228 416 4298 particulae
434 4227 573 4300 explicare
593 4229 710 4287 studuit.
