<?xml version="1.0" encoding="UTF-8"?>
<!DOCTYPE html PUBLIC "-//W3C//DTD XHTML 1.0 Transitional//EN"
    "http://www.w3.org/TR/xhtml1/DTD/xhtml1-transitional.dtd">
<html xmlns="http://www.w3.org/1999/xhtml" xml:lang="en" lang="en">
 <head>
  <title>
</title>
<meta http-equiv="Content-Type" content="text/html;charset=utf-8" />
  <meta name='ocr-system' content='tesseract 3.04.00' />
  <meta name='ocr-capabilities' content='ocr_page ocr_carea ocr_par ocr_line ocrx_word'/>
</head>
<body>
  <div class='ocr_page' id='page_1' title='image "./doctrinaduodeci00funkgoog_0025.png"; bbox 0 0 2918 4890; ppageno 0'>
   <div class='ocr_carea' id='block_1_1' title="bbox 204 363 929 434">
    <p class='ocr_par' dir='ltr' id='par_1_1' title="bbox 204 363 929 434">
     <span class='ocr_line' id='line_1_1' title="bbox 204 363 929 434; baseline -0.004 -15"><span class='ocrx_word' id='word_1_1' title='bbox 204 369 268 434; x_wconf 76' lang='grc' dir='ltr'>ΧΠ</span> <span class='ocrx_word' id='word_1_2' title='bbox 648 363 929 429; x_wconf 71' lang='grc'><strong>1666166166,</strong></span> 
     </span>
    </p>
   </div>
   <div class='ocr_carea' id='block_1_2' title="bbox 127 522 1383 1547">
    <p class='ocr_par' dir='ltr' id='par_1_2' title="bbox 127 522 1383 1547">
     <span class='ocr_line' id='line_1_2' title="bbox 205 522 1381 610; baseline -0.001 -20"><span class='ocrx_word' id='word_1_3' title='bbox 205 527 312 610; x_wconf 92' lang='lat' dir='ltr'>potius</span> <span class='ocrx_word' id='word_1_4' title='bbox 336 526 483 604; x_wconf 76' lang='lat' dir='ltr'>ostendit,</span> <span class='ocrx_word' id='word_1_5' title='bbox 507 526 664 610; x_wconf 89' lang='lat' dir='ltr'>quomodo</span> <span class='ocrx_word' id='word_1_6' title='bbox 688 524 918 588; x_wconf 88' lang='lat' dir='ltr'>observandum</span> <span class='ocrx_word' id='word_1_7' title='bbox 941 522 994 600; x_wconf 89' lang='lat' dir='ltr'>sit,</span> <span class='ocrx_word' id='word_1_8' title='bbox 1018 525 1054 585; x_wconf 92' lang='lat' dir='ltr'>ut</span> <span class='ocrx_word' id='word_1_9' title='bbox 1076 523 1199 605; x_wconf 88' lang='lat' dir='ltr'>placeat</span> <span class='ocrx_word' id='word_1_10' title='bbox 1212 522 1292 602; x_wconf 88' lang='lat' dir='ltr'>Dec,</span> <span class='ocrx_word' id='word_1_11' title='bbox 1317 526 1381 589; x_wconf 89' lang='lat' dir='ltr'>sci-</span> 
     </span>
     <span class='ocr_line' id='line_1_3' title="bbox 204 627 1381 694; baseline -0.001 0"><span class='ocrx_word' id='word_1_12' title='bbox 204 632 279 694; x_wconf 88' lang='lat' dir='ltr'>licet</span> <span class='ocrx_word' id='word_1_13' title='bbox 301 635 338 694; x_wconf 91' lang='lat' dir='ltr'>ut</span> <span class='ocrx_word' id='word_1_14' title='bbox 360 630 504 693; x_wconf 90' lang='lat' dir='ltr'>homines</span> <span class='ocrx_word' id='word_1_15' title='bbox 527 633 601 693; x_wconf 91' lang='lat' dir='ltr'>ante</span> <span class='ocrx_word' id='word_1_16' title='bbox 624 629 731 692; x_wconf 88' lang='lat' dir='ltr'>omnia</span> <span class='ocrx_word' id='word_1_17' title='bbox 753 632 879 692; x_wconf 86' lang='lat' dir='ltr'>servent</span> <span class='ocrx_word' id='word_1_18' title='bbox 901 627 961 692; x_wconf 93' lang='lat' dir='ltr'>Dei</span> <span class='ocrx_word' id='word_1_19' title='bbox 986 627 1135 690; x_wconf 86' lang='lat' dir='ltr'>mandata</span> <span class='ocrx_word' id='word_1_20' title='bbox 1161 628 1211 691; x_wconf 90' lang='grc'>161</span> <span class='ocrx_word' id='word_1_21' title='bbox 1235 627 1381 693; x_wconf 79' lang='lat' dir='ltr'>devitent</span> 
     </span>
     <span class='ocr_line' id='line_1_4' title="bbox 205 729 1379 819; baseline -0.001 -20"><span class='ocrx_word' id='word_1_22' title='bbox 205 739 352 819; x_wconf 89' lang='lat' dir='ltr'>peccata,</span> <span class='ocrx_word' id='word_1_23' title='bbox 382 757 453 799; x_wconf 92' lang='lat' dir='ltr'>cum</span> <span class='ocrx_word' id='word_1_24' title='bbox 477 734 555 797; x_wconf 88' lang='lat' dir='ltr'>alias</span> <span class='ocrx_word' id='word_1_25' title='bbox 579 733 692 797; x_wconf 79' lang='lat' dir='ltr'>ascesis</span> <span class='ocrx_word' id='word_1_26' title='bbox 715 733 771 796; x_wconf 92' lang='lat' dir='ltr'>illa</span> <span class='ocrx_word' id='word_1_27' title='bbox 794 732 876 795; x_wconf 88' lang='lat' dir='ltr'><strong>nihil</strong></span> <span class='ocrx_word' id='word_1_28' title='bbox 899 732 1012 796; x_wconf 89' lang='lat' dir='ltr'>valeat.</span> <span class='ocrx_word' id='word_1_29' title='bbox 1060 729 1107 796; x_wconf 79' lang='lat' dir='ltr'>Of.</span> <span class='ocrx_word' id='word_1_30' title='bbox 1131 733 1276 815; x_wconf 86' lang='lat' dir='ltr'>inprimis</span> <span class='ocrx_word' id='word_1_31' title='bbox 1300 732 1379 799; x_wconf 81' lang='lat' dir='ltr'>sim.</span> 
     </span>
     <span class='ocr_line' id='line_1_5' title="bbox 205 835 1382 918; baseline -0.001 -14"><span class='ocrx_word' id='word_1_32' title='bbox 205 840 246 918; x_wconf 88' lang='lat' dir='ltr'>V,</span> <span class='ocrx_word' id='word_1_33' title='bbox 271 841 301 918; x_wconf 82' lang='lat'>3,</span> <span class='ocrx_word' id='word_1_34' title='bbox 326 841 356 904; x_wconf 84' lang='lat'>5.</span> <span class='ocrx_word' id='word_1_35' title='bbox 381 840 411 903; x_wconf 82' lang='grc'>6.</span> <span class='ocrx_word' id='word_1_36' title='bbox 458 839 549 915; x_wconf 81' lang='lat' dir='ltr'>Quod</span> <span class='ocrx_word' id='word_1_37' title='bbox 571 836 599 900; x_wconf 89' lang='lat' dir='ltr'>si</span> <span class='ocrx_word' id='word_1_38' title='bbox 621 836 877 914; x_wconf 81' lang='lat' dir='ltr'>consideraveris,</span> <span class='ocrx_word' id='word_1_39' title='bbox 902 858 968 899; x_wconf 92' lang='lat' dir='ltr'>rem</span> <span class='ocrx_word' id='word_1_40' title='bbox 984 857 1023 899; x_wconf 85' lang='lat' dir='ltr'>ex</span> <span class='ocrx_word' id='word_1_41' title='bbox 1037 835 1204 900; x_wconf 87' lang='lat' dir='ltr'>contrario</span> <span class='ocrx_word' id='word_1_42' title='bbox 1213 859 1246 900; x_wconf 89' lang='lat' dir='ltr'>se</span> <span class='ocrx_word' id='word_1_43' title='bbox 1260 838 1382 903; x_wconf 91' lang='lat' dir='ltr'>habere</span> 
     </span>
     <span class='ocr_line' id='line_1_6' title="bbox 207 939 1380 1027; baseline -0.003 -20"><span class='ocrx_word' id='word_1_44' title='bbox 207 949 239 1007; x_wconf 91' lang='lat' dir='ltr'>te</span> <span class='ocrx_word' id='word_1_45' title='bbox 262 966 326 1006; x_wconf 95' lang='lat' dir='ltr'>non</span> <span class='ocrx_word' id='word_1_46' title='bbox 350 943 462 1027; x_wconf 84' lang='lat' dir='ltr'>fugiet.</span> <span class='ocrx_word' id='word_1_47' title='bbox 508 941 644 1004; x_wconf 88' lang='lat' dir='ltr'>Hermas</span> <span class='ocrx_word' id='word_1_48' title='bbox 668 961 739 1003; x_wconf 92' lang='lat' dir='ltr'>cum</span> <span class='ocrx_word' id='word_1_49' title='bbox 771 939 855 1002; x_wconf 86' lang='lat' dir='ltr'>dicat</span> <span class='ocrx_word' id='word_1_50' title='bbox 877 939 1053 1002; x_wconf 82' lang='lat' dir='ltr'>accuratius</span> <span class='ocrx_word' id='word_1_51' title='bbox 1077 940 1115 1004; x_wconf 94' lang='lat' dir='ltr'>de</span> <span class='ocrx_word' id='word_1_52' title='bbox 1137 940 1235 1004; x_wconf 85' lang='lat' dir='ltr'>ascesi</span> <span class='ocrx_word' id='word_1_53' title='bbox 1257 941 1380 1021; x_wconf 91' lang='lat' dir='ltr'>ieiunii,</span> 
     </span>
     <span class='ocr_line' id='line_1_7' title="bbox 205 1044 1381 1131; baseline -0.001 -20"><span class='ocrx_word' id='word_1_54' title='bbox 205 1047 360 1131; x_wconf 85' lang='lat' dir='ltr'>posterior</span> <span class='ocrx_word' id='word_1_55' title='bbox 391 1047 555 1111; x_wconf 89' lang='lat' dir='ltr'>habendus</span> <span class='ocrx_word' id='word_1_56' title='bbox 587 1049 635 1108; x_wconf 90' lang='lat' dir='ltr'>est</span> <span class='ocrx_word' id='word_1_57' title='bbox 665 1048 696 1108; x_wconf 91' lang='lat' dir='ltr'>et</span> <span class='ocrx_word' id='word_1_58' title='bbox 726 1044 852 1127; x_wconf 86' lang='lat' dir='ltr'>quidem</span> <span class='ocrx_word' id='word_1_59' title='bbox 881 1066 919 1108; x_wconf 91' lang='grc' dir='ltr'>6ο</span> <span class='ocrx_word' id='word_1_60' title='bbox 942 1045 1064 1126; x_wconf 91' lang='lat' dir='ltr'>potiore</span> <span class='ocrx_word' id='word_1_61' title='bbox 1086 1045 1172 1123; x_wconf 91' lang='lat' dir='ltr'>iure,</span> <span class='ocrx_word' id='word_1_62' title='bbox 1204 1067 1275 1108; x_wconf 89' lang='lat' dir='ltr'>cum</span> <span class='ocrx_word' id='word_1_63' title='bbox 1300 1045 1381 1110; x_wconf 88' lang='lat' dir='ltr'>alias</span> 
     </span>
     <span class='ocr_line' id='line_1_8' title="bbox 207 1148 1382 1236; baseline -0.002 -21"><span class='ocrx_word' id='word_1_64' title='bbox 207 1174 331 1236; x_wconf 89' lang='lat' dir='ltr'>quoque</span> <span class='ocrx_word' id='word_1_65' title='bbox 354 1150 536 1216; x_wconf 87' lang='lat' dir='ltr'>recentioris</span> <span class='ocrx_word' id='word_1_66' title='bbox 555 1171 588 1213; x_wconf 93' lang='lat' dir='ltr'>se</span> <span class='ocrx_word' id='word_1_67' title='bbox 604 1171 669 1213; x_wconf 90' lang='lat' dir='ltr'>esse</span> <span class='ocrx_word' id='word_1_68' title='bbox 684 1148 836 1231; x_wconf 89' lang='lat' dir='ltr'>temporis</span> <span class='ocrx_word' id='word_1_69' title='bbox 852 1148 979 1228; x_wconf 88' lang='lat' dir='ltr'>indicet,</span> <span class='ocrx_word' id='word_1_70' title='bbox 1003 1149 1189 1230; x_wconf 89' lang='lat' dir='ltr'>praesertim</span> <span class='ocrx_word' id='word_1_71' title='bbox 1206 1149 1314 1214; x_wconf 87' lang='lat' dir='ltr'>Mand.</span> <span class='ocrx_word' id='word_1_72' title='bbox 1331 1148 1382 1213; x_wconf 86' lang='lat' dir='ltr'>HI</span> 
     </span>
     <span class='ocr_line' id='line_1_9' title="bbox 127 1242 1383 1336; baseline -0.003 -16"><span class='ocrx_word' id='word_1_73' title='bbox 127 1242 130 1250; x_wconf 56' lang='grc'><strong>’</strong></span> <span class='ocrx_word' id='word_1_74' title='bbox 207 1259 244 1320; x_wconf 92' lang='grc'>(16</span> <span class='ocrx_word' id='word_1_75' title='bbox 268 1257 405 1320; x_wconf 88' lang='grc'><strong>(11161116</strong></span> <span class='ocrx_word' id='word_1_76' title='bbox 427 1257 461 1320; x_wconf 93' lang='lat' dir='ltr'>in</span> <span class='ocrx_word' id='word_1_77' title='bbox 484 1277 558 1319; x_wconf 90' lang='lat' dir='ltr'>casu</span> <span class='ocrx_word' id='word_1_78' title='bbox 583 1253 739 1331; x_wconf 89' lang='lat' dir='ltr'>adulterii,</span> <span class='ocrx_word' id='word_1_79' title='bbox 765 1253 802 1316; x_wconf 88' lang='lat' dir='ltr'>de</span> <span class='ocrx_word' id='word_1_80' title='bbox 825 1252 1020 1336; x_wconf 89' lang='lat' dir='ltr'>paenitentia</span> <span class='ocrx_word' id='word_1_81' title='bbox 1036 1253 1069 1316; x_wconf 91' lang='lat' dir='ltr'>in</span> <span class='ocrx_word' id='word_1_82' title='bbox 1084 1253 1243 1336; x_wconf 90' lang='lat' dir='ltr'>baptismo</span> <span class='ocrx_word' id='word_1_83' title='bbox 1260 1256 1291 1317; x_wconf 91' lang='grc'>61</span> <span class='ocrx_word' id='word_1_84' title='bbox 1308 1257 1383 1336; x_wconf 87' lang='lat' dir='ltr'>post</span> 
     </span>
     <span class='ocr_line' id='line_1_10' title="bbox 187 1355 1279 1445; baseline -0.005 -20"><span class='ocrx_word' id='word_1_85' title='bbox 187 1362 401 1445; x_wconf 84' lang='lat' dir='ltr'>¹baptismum</span> <span class='ocrx_word' id='word_1_86' title='bbox 425 1360 547 1445; x_wconf 88' lang='lat' dir='ltr'>agenda</span> <span class='ocrx_word' id='word_1_87' title='bbox 570 1381 606 1422; x_wconf 87' lang='grc'>66</span> <span class='ocrx_word' id='word_1_88' title='bbox 628 1359 666 1422; x_wconf 91' lang='grc'>(16</span> <span class='ocrx_word' id='word_1_89' title='bbox 688 1357 824 1421; x_wconf 88' lang='lat' dir='ltr'>secundo</span> <span class='ocrx_word' id='word_1_90' title='bbox 848 1357 1053 1420; x_wconf 91' lang='lat' dir='ltr'>matrimonio</span> <span class='ocrx_word' id='word_1_91' title='bbox 1077 1357 1230 1421; x_wconf 90' lang='lat' dir='ltr'>disserens</span> <span class='ocrx_word' id='word_1_92' title='bbox 1243 1355 1279 1440; x_wconf 92' lang='lat'>¹).</span> 
     </span>
     <span class='ocr_line' id='line_1_11' title="bbox 294 1460 1383 1547; baseline -0.004 -19"><span class='ocrx_word' id='word_1_93' title='bbox 294 1465 491 1528; x_wconf 89' lang='lat' dir='ltr'>Iustinus</span> <span class='ocrx_word' id='word_1_94' title='bbox 522 1485 646 1547; x_wconf 87' lang='lat' dir='ltr'>quoque</span> <span class='ocrx_word' id='word_1_95' title='bbox 669 1462 844 1526; x_wconf 89' lang='lat' dir='ltr'>doctrinam</span> <span class='ocrx_word' id='word_1_96' title='bbox 872 1461 934 1525; x_wconf 90' lang='lat' dir='ltr'>sibi</span> <span class='ocrx_word' id='word_1_97' title='bbox 956 1460 1132 1525; x_wconf 87' lang='lat' dir='ltr'>innotuisse</span> <span class='ocrx_word' id='word_1_98' title='bbox 1154 1462 1282 1526; x_wconf 89' lang='lat' dir='ltr'>indicat.</span> <span class='ocrx_word' id='word_1_99' title='bbox 1330 1462 1383 1526; x_wconf 81' lang='lat' dir='ltr'>Ex</span> 
     </span>
    </p>
   </div>
   <div class='ocr_carea' id='block_1_3' title="bbox 32 1550 1383 1653">
    <p class='ocr_par' dir='ltr' id='par_1_3' title="bbox 32 1550 1383 1653">
     <span class='ocr_line' id='line_1_12' title="bbox 32 1550 1383 1653; baseline -0.003 -20"><span class='ocrx_word' id='word_1_100' title='bbox 32 1550 36 1560; x_wconf 50' lang='grc'><strong>’</strong></span> <span class='ocrx_word' id='word_1_101' title='bbox 150 1575 152 1579; x_wconf 81' lang='grc'><strong>’</strong></span> <span class='ocrx_word' id='word_1_102' title='bbox 207 1569 367 1653; x_wconf 84' lang='lat' dir='ltr'>Apologia</span> <span class='ocrx_word' id='word_1_103' title='bbox 389 1567 414 1647; x_wconf 93' lang='lat' dir='ltr'>I,</span> <span class='ocrx_word' id='word_1_104' title='bbox 440 1568 478 1632; x_wconf 87' lang='grc'>61</span> <span class='ocrx_word' id='word_1_105' title='bbox 504 1568 631 1650; x_wconf 88' lang='lat' dir='ltr'>quidem</span> <span class='ocrx_word' id='word_1_106' title='bbox 654 1567 686 1630; x_wconf 88' lang='lat' dir='ltr'>id</span> <span class='ocrx_word' id='word_1_107' title='bbox 708 1563 1275 1649; x_wconf 61' lang='grc' dir='ltr'><strong>6666μρ6161,’61Ζ611116611611111).</strong></span> <span class='ocrx_word' id='word_1_108' title='bbox 1317 1565 1383 1630; x_wconf 93' lang='lat' dir='ltr'>Pu·</span> 
     </span>
    </p>
   </div>
   <div class='ocr_carea' id='block_1_4' title="bbox 206 1669 1412 3840">
    <p class='ocr_par' dir='ltr' id='par_1_4' title="bbox 206 1669 1412 3840">
     <span class='ocr_line' id='line_1_13' title="bbox 208 1669 1382 1754; baseline -0.002 -17"><span class='ocrx_word' id='word_1_109' title='bbox 208 1675 291 1737; x_wconf 87' lang='lat' dir='ltr'>tavit</span> <span class='ocrx_word' id='word_1_110' title='bbox 314 1674 397 1738; x_wconf 87' lang='lat' dir='ltr'>enim</span> <span class='ocrx_word' id='word_1_111' title='bbox 421 1673 470 1737; x_wconf 88' lang='lat' dir='ltr'>vir</span> <span class='ocrx_word' id='word_1_112' title='bbox 485 1673 605 1752; x_wconf 89' lang='lat' dir='ltr'>doctus,</span> <span class='ocrx_word' id='word_1_113' title='bbox 629 1673 735 1751; x_wconf 84' lang='lat' dir='ltr'>verba,</span> <span class='ocrx_word' id='word_1_114' title='bbox 760 1693 840 1754; x_wconf 89' lang='lat' dir='ltr'>quae</span> <span class='ocrx_word' id='word_1_115' title='bbox 856 1671 924 1735; x_wconf 86' lang='lat' dir='ltr'>loco</span> <span class='ocrx_word' id='word_1_116' title='bbox 940 1671 996 1734; x_wconf 93' lang='lat' dir='ltr'>illo</span> <span class='ocrx_word' id='word_1_117' title='bbox 1013 1672 1117 1735; x_wconf 81' lang='lat' dir='ltr'>verbis</span> <span class='ocrx_word' id='word_1_118' title='bbox 1134 1670 1253 1734; x_wconf 86' lang='lat' dir='ltr'>Christi</span> <span class='ocrx_word' id='word_1_119' title='bbox 1268 1669 1382 1735; x_wconf 90' lang='lat' dir='ltr'>Ioann.</span> 
     </span>
     <span class='ocr_line' id='line_1_14' title="bbox 209 1774 1382 1862; baseline -0.006 -19"><span class='ocrx_word' id='word_1_120' title='bbox 209 1781 239 1858; x_wconf 88' lang='lat'>3,</span> <span class='ocrx_word' id='word_1_121' title='bbox 251 1781 337 1843; x_wconf 87' lang='lat'>3-5</span> <span class='ocrx_word' id='word_1_122' title='bbox 360 1782 392 1843; x_wconf 94' lang='lat' dir='ltr'>et</span> <span class='ocrx_word' id='word_1_123' title='bbox 402 1778 576 1862; x_wconf 90' lang='lat' dir='ltr'>prophetae</span> <span class='ocrx_word' id='word_1_124' title='bbox 591 1776 709 1841; x_wconf 89' lang='lat' dir='ltr'>Iesaiae</span> <span class='ocrx_word' id='word_1_125' title='bbox 729 1779 755 1855; x_wconf 87' lang='lat'>1,</span> <span class='ocrx_word' id='word_1_126' title='bbox 770 1777 897 1839; x_wconf 79' lang='lat'>16-20</span> <span class='ocrx_word' id='word_1_127' title='bbox 920 1775 1057 1839; x_wconf 88' lang='lat' dir='ltr'>laudatis</span> <span class='ocrx_word' id='word_1_128' title='bbox 1075 1775 1230 1859; x_wconf 83' lang='lat' dir='ltr'>legimus:</span> <span class='ocrx_word' id='word_1_129' title='bbox 1256 1776 1310 1836; x_wconf 76' lang='grc' dir='ltr'>καὶ</span> <span class='ocrx_word' id='word_1_130' title='bbox 1327 1774 1382 1837; x_wconf 83' lang='grc' dir='ltr'>λό-</span> 
     </span>
     <span class='ocr_line' id='line_1_15' title="bbox 206 1879 1383 1964; baseline -0.001 -19"><span class='ocrx_word' id='word_1_131' title='bbox 206 1903 261 1964; x_wconf 85' lang='grc' dir='ltr'>γον</span> <span class='ocrx_word' id='word_1_132' title='bbox 279 1882 312 1945; x_wconf 85' lang='grc' dir='ltr'>δὲ</span> <span class='ocrx_word' id='word_1_133' title='bbox 328 1883 371 1955; x_wconf 79' lang='grc' dir='ltr'>εἰς</span> <span class='ocrx_word' id='word_1_134' title='bbox 386 1888 477 1943; x_wconf 78' lang='grc' dir='ltr'>τοῦτο</span> <span class='ocrx_word' id='word_1_135' title='bbox 495 1883 581 1963; x_wconf 85' lang='grc' dir='ltr'>παρὰ</span> <span class='ocrx_word' id='word_1_136' title='bbox 597 1889 657 1944; x_wconf 86' lang='grc' dir='ltr'>τῶν</span> <span class='ocrx_word' id='word_1_137' title='bbox 675 1879 859 1943; x_wconf 79' lang='grc' dir='ltr'>ἀποστόλων</span> <span class='ocrx_word' id='word_1_138' title='bbox 875 1879 1036 1963; x_wconf 73' lang='grc' dir='ltr'>ἐμάθομεν</span> <span class='ocrx_word' id='word_1_139' title='bbox 1053 1886 1172 1959; x_wconf 79' lang='grc' dir='ltr'>τοῦτον,</span> <span class='ocrx_word' id='word_1_140' title='bbox 1197 1879 1327 1943; x_wconf 91' lang='lat' dir='ltr'>nonnisi</span> <span class='ocrx_word' id='word_1_141' title='bbox 1344 1881 1383 1944; x_wconf 90' lang='lat' dir='ltr'>de</span> 
     </span>
     <span class='ocr_line' id='line_1_16' title="bbox 209 1984 1383 2070; baseline -0.002 -20"><span class='ocrx_word' id='word_1_142' title='bbox 209 1987 293 2051; x_wconf 89' lang='grc'><strong>(11616</strong></span> <span class='ocrx_word' id='word_1_143' title='bbox 317 1986 424 2070; x_wconf 89' lang='lat' dir='ltr'>aliquo</span> <span class='ocrx_word' id='word_1_144' title='bbox 447 1985 664 2069; x_wconf 90' lang='lat' dir='ltr'>apostolorum</span> <span class='ocrx_word' id='word_1_145' title='bbox 688 1984 865 2069; x_wconf 82' lang='lat' dir='ltr'>allegando,</span> <span class='ocrx_word' id='word_1_146' title='bbox 890 1986 956 2049; x_wconf 92' lang='grc'><strong>6116</strong></span> <span class='ocrx_word' id='word_1_147' title='bbox 972 1985 1130 2069; x_wconf 90' lang='lat' dir='ltr'>scriptura</span> <span class='ocrx_word' id='word_1_148' title='bbox 1153 1984 1383 2049; x_wconf 87' lang='grc'><strong>6116616116-</strong></span> 
     </span>
     <span class='ocr_line' id='line_1_17' title="bbox 208 2089 1384 2174; baseline 0.001 -21"><span class='ocrx_word' id='word_1_149' title='bbox 208 2090 284 2167; x_wconf 91' lang='lat' dir='ltr'>dito,</span> <span class='ocrx_word' id='word_1_150' title='bbox 307 2090 519 2173; x_wconf 83' lang='lat' dir='ltr'>intellegenda</span> <span class='ocrx_word' id='word_1_151' title='bbox 542 2112 626 2170; x_wconf 90' lang='lat' dir='ltr'>esse,</span> <span class='ocrx_word' id='word_1_152' title='bbox 659 2112 792 2173; x_wconf 89' lang='lat' dir='ltr'>cumque</span> <span class='ocrx_word' id='word_1_153' title='bbox 827 2090 966 2170; x_wconf 89' lang='lat' dir='ltr'>dictum,</span> <span class='ocrx_word' id='word_1_154' title='bbox 998 2091 1082 2174; x_wconf 94' lang='lat' dir='ltr'>quod</span> <span class='ocrx_word' id='word_1_155' title='bbox 1104 2091 1132 2154; x_wconf 93' lang='grc'>61</span> <span class='ocrx_word' id='word_1_156' title='bbox 1156 2089 1384 2154; x_wconf 89' lang='lat' dir='ltr'>annuntiatum</span> 
     </span>
     <span class='ocr_line' id='line_1_18' title="bbox 208 2192 1384 2277; baseline 0.003 -21"><span class='ocrx_word' id='word_1_157' title='bbox 208 2215 274 2256; x_wconf 89' lang='lat' dir='ltr'>esse</span> <span class='ocrx_word' id='word_1_158' title='bbox 298 2192 440 2271; x_wconf 81' lang='lat' dir='ltr'>videtur,</span> <span class='ocrx_word' id='word_1_159' title='bbox 464 2215 527 2256; x_wconf 92' lang='lat' dir='ltr'>non</span> <span class='ocrx_word' id='word_1_160' title='bbox 551 2197 719 2277; x_wconf 89' lang='lat' dir='ltr'>sequatur,</span> <span class='ocrx_word' id='word_1_161' title='bbox 753 2216 861 2257; x_wconf 90' lang='lat' dir='ltr'>vocem</span> <span class='ocrx_word' id='word_1_162' title='bbox 884 2201 992 2256; x_wconf 82' lang='grc' dir='ltr'>τοῦτον</span> <span class='ocrx_word' id='word_1_163' title='bbox 1016 2194 1099 2258; x_wconf 89' lang='grc'><strong>(16161</strong></span> <span class='ocrx_word' id='word_1_164' title='bbox 1122 2197 1153 2257; x_wconf 90' lang='grc'>61</span> <span class='ocrx_word' id='word_1_165' title='bbox 1176 2194 1307 2257; x_wconf 89' lang='lat' dir='ltr'>verbum</span> <span class='ocrx_word' id='word_1_166' title='bbox 1331 2193 1384 2259; x_wconf 91' lang='grc'>161</span> 
     </span>
     <span class='ocr_line' id='line_1_19' title="bbox 211 2297 1383 2383; baseline 0.001 -22"><span class='ocrx_word' id='word_1_167' title='bbox 211 2297 397 2375; x_wconf 87' lang='lat' dir='ltr'>doctrinam,</span> <span class='ocrx_word' id='word_1_168' title='bbox 421 2320 516 2381; x_wconf 89' lang='lat' dir='ltr'>quam</span> <span class='ocrx_word' id='word_1_169' title='bbox 540 2297 713 2362; x_wconf 84' lang='lat' dir='ltr'>Christiani</span> <span class='ocrx_word' id='word_1_170' title='bbox 736 2298 855 2362; x_wconf 87' lang='lat' dir='ltr'>dehac</span> <span class='ocrx_word' id='word_1_171' title='bbox 878 2321 920 2377; x_wconf 90' lang='grc'>16,</span> <span class='ocrx_word' id='word_1_172' title='bbox 944 2299 1063 2362; x_wconf 86' lang='grc'><strong>66111661</strong></span> <span class='ocrx_word' id='word_1_173' title='bbox 1086 2299 1124 2362; x_wconf 89' lang='grc'>(16</span> <span class='ocrx_word' id='word_1_174' title='bbox 1146 2298 1315 2383; x_wconf 89' lang='lat' dir='ltr'>baptismo,</span> <span class='ocrx_word' id='word_1_175' title='bbox 1342 2299 1383 2362; x_wconf 88' lang='lat' dir='ltr'>ab</span> 
     </span>
     <span class='ocr_line' id='line_1_20' title="bbox 209 2401 1380 2485; baseline 0.003 -22"><span class='ocrx_word' id='word_1_176' title='bbox 209 2401 359 2482; x_wconf 89' lang='lat' dir='ltr'>apostolis</span> <span class='ocrx_word' id='word_1_177' title='bbox 383 2402 536 2485; x_wconf 90' lang='lat' dir='ltr'>accepisse</span> <span class='ocrx_word' id='word_1_178' title='bbox 559 2402 717 2482; x_wconf 90' lang='lat' dir='ltr'>dicuntur,</span> <span class='ocrx_word' id='word_1_179' title='bbox 741 2403 779 2467; x_wconf 91' lang='lat' dir='ltr'>de</span> <span class='ocrx_word' id='word_1_180' title='bbox 802 2402 956 2467; x_wconf 90' lang='lat' dir='ltr'>Doctrina</span> <span class='ocrx_word' id='word_1_181' title='bbox 979 2403 1197 2485; x_wconf 89' lang='lat' dir='ltr'>apostolorum</span> <span class='ocrx_word' id='word_1_182' title='bbox 1219 2403 1380 2484; x_wconf 89' lang='lat' dir='ltr'>interpre-</span> 
     </span>
     <span class='ocr_line' id='line_1_21' title="bbox 211 2504 1383 2591; baseline 0.004 -24"><span class='ocrx_word' id='word_1_183' title='bbox 211 2508 307 2590; x_wconf 86' lang='lat' dir='ltr'>tatur.</span> <span class='ocrx_word' id='word_1_184' title='bbox 353 2504 425 2570; x_wconf 89' lang='lat' dir='ltr'>Mea</span> <span class='ocrx_word' id='word_1_185' title='bbox 456 2507 584 2590; x_wconf 88' lang='lat' dir='ltr'>quidem</span> <span class='ocrx_word' id='word_1_186' title='bbox 606 2506 763 2570; x_wconf 90' lang='lat' dir='ltr'>sententia</span> <span class='ocrx_word' id='word_1_187' title='bbox 786 2511 892 2570; x_wconf 84' lang='lat' dir='ltr'>textus</span> <span class='ocrx_word' id='word_1_188' title='bbox 915 2508 1051 2571; x_wconf 89' lang='lat' dir='ltr'>traditus</span> <span class='ocrx_word' id='word_1_189' title='bbox 1080 2530 1280 2591; x_wconf 89' lang='lat' dir='ltr'>nequaquam</span> <span class='ocrx_word' id='word_1_190' title='bbox 1303 2508 1383 2572; x_wconf 88' lang='lat' dir='ltr'>adeo</span> 
     </span>
     <span class='ocr_line' id='line_1_22' title="bbox 210 2608 1412 2694; baseline 0.004 -23"><span class='ocrx_word' id='word_1_191' title='bbox 210 2608 346 2672; x_wconf 89' lang='lat' dir='ltr'>absonus</span> <span class='ocrx_word' id='word_1_192' title='bbox 362 2614 418 2688; x_wconf 89' lang='lat' dir='ltr'>est,</span> <span class='ocrx_word' id='word_1_193' title='bbox 443 2614 479 2674; x_wconf 93' lang='lat' dir='ltr'>ut</span> <span class='ocrx_word' id='word_1_194' title='bbox 494 2611 664 2674; x_wconf 89' lang='lat' dir='ltr'>mutandus</span> <span class='ocrx_word' id='word_1_195' title='bbox 680 2610 772 2694; x_wconf 43' lang='lat' dir='ltr'>siti).</span> <span class='ocrx_word' id='word_1_196' title='bbox 814 2610 871 2677; x_wconf 84' lang='lat' dir='ltr'>Sin</span> <span class='ocrx_word' id='word_1_197' title='bbox 887 2616 993 2676; x_wconf 89' lang='lat' dir='ltr'>autem</span> <span class='ocrx_word' id='word_1_198' title='bbox 1010 2635 1074 2676; x_wconf 90' lang='lat' dir='ltr'>non</span> <span class='ocrx_word' id='word_1_199' title='bbox 1096 2612 1163 2691; x_wconf 91' lang='lat' dir='ltr'>illo,</span> <span class='ocrx_word' id='word_1_200' title='bbox 1189 2613 1251 2676; x_wconf 89' lang='lat' dir='ltr'>alio</span> <span class='ocrx_word' id='word_1_201' title='bbox 1273 2616 1383 2676; x_wconf 89' lang='lat' dir='ltr'>tamen</span> <span class='ocrx_word' id='word_1_202' title='bbox 1409 2681 1412 2686; x_wconf 58' lang='grc'><strong>,</strong></span> 
     </span>
     <span class='ocr_line' id='line_1_23' title="bbox 209 2714 1380 2800; baseline 0.004 -23"><span class='ocrx_word' id='word_1_203' title='bbox 209 2714 278 2778; x_wconf 90' lang='grc'><strong>1666</strong></span> <span class='ocrx_word' id='word_1_204' title='bbox 302 2716 471 2800; x_wconf 82' lang='lat' dir='ltr'>apologeta</span> <span class='ocrx_word' id='word_1_205' title='bbox 493 2716 641 2780; x_wconf 89' lang='lat' dir='ltr'>notitiam</span> <span class='ocrx_word' id='word_1_206' title='bbox 655 2715 826 2780; x_wconf 86' lang='lat' dir='ltr'>Doctrinae</span> <span class='ocrx_word' id='word_1_207' title='bbox 850 2716 1067 2798; x_wconf 90' lang='lat' dir='ltr'>apostolorum</span> <span class='ocrx_word' id='word_1_208' title='bbox 1090 2717 1222 2800; x_wconf 89' lang='lat' dir='ltr'>prodere</span> <span class='ocrx_word' id='word_1_209' title='bbox 1244 2717 1380 2785; x_wconf 85' lang='lat' dir='ltr'>videtur.</span> 
     </span>
     <span class='ocr_line' id='line_1_24' title="bbox 210 2817 1384 2907; baseline 0.004 -26"><span class='ocrx_word' id='word_1_210' title='bbox 210 2818 303 2901; x_wconf 85' lang='lat' dir='ltr'>Apol.</span> <span class='ocrx_word' id='word_1_211' title='bbox 328 2817 354 2898; x_wconf 91' lang='lat' dir='ltr'>I,</span> <span class='ocrx_word' id='word_1_212' title='bbox 380 2820 506 2884; x_wconf 79' lang='lat'>15—18</span> <span class='ocrx_word' id='word_1_213' title='bbox 530 2841 631 2902; x_wconf 89' lang='lat' dir='ltr'>pauca</span> <span class='ocrx_word' id='word_1_214' title='bbox 654 2819 808 2907; x_wconf 82' lang='lat' dir='ltr'>quaedam</span> <span class='ocrx_word' id='word_1_215' title='bbox 838 2842 876 2883; x_wconf 88' lang='lat' dir='ltr'>ex</span> <span class='ocrx_word' id='word_1_216' title='bbox 898 2819 1018 2884; x_wconf 81' lang='lat' dir='ltr'>Christi</span> <span class='ocrx_word' id='word_1_217' title='bbox 1046 2823 1221 2906; x_wconf 87' lang='lat' dir='ltr'>praeceptis</span> <span class='ocrx_word' id='word_1_218' title='bbox 1244 2844 1384 2886; x_wconf 88' lang='lat' dir='ltr'>commc-</span> 
     </span>
     <span class='ocr_line' id='line_1_25' title="bbox 208 2925 1385 3011; baseline 0.003 -24"><span class='ocrx_word' id='word_1_219' title='bbox 208 2928 400 3003; x_wconf 91' lang='lat' dir='ltr'>moraturus,</span> <span class='ocrx_word' id='word_1_220' title='bbox 425 2929 461 2989; x_wconf 91' lang='lat' dir='ltr'>ut</span> <span class='ocrx_word' id='word_1_221' title='bbox 484 2925 551 3008; x_wconf 89' lang='lat' dir='ltr'>ipse</span> <span class='ocrx_word' id='word_1_222' title='bbox 574 2925 652 2989; x_wconf 95' lang='lat' dir='ltr'>dicit</span> <span class='ocrx_word' id='word_1_223' title='bbox 675 2925 799 3007; x_wconf 88' lang='grc'><strong>(614),</strong></span> <span class='ocrx_word' id='word_1_224' title='bbox 823 2948 887 2989; x_wconf 92' lang='lat' dir='ltr'>non</span> <span class='ocrx_word' id='word_1_225' title='bbox 903 2926 1005 2990; x_wconf 90' lang='lat' dir='ltr'>solum</span> <span class='ocrx_word' id='word_1_226' title='bbox 1022 2926 1160 3011; x_wconf 89' lang='lat' dir='ltr'>plurima</span> <span class='ocrx_word' id='word_1_227' title='bbox 1176 2926 1277 3005; x_wconf 83' lang='lat' dir='ltr'>affert,</span> <span class='ocrx_word' id='word_1_228' title='bbox 1301 2949 1385 3010; x_wconf 91' lang='lat' dir='ltr'>quae</span> 
     </span>
     <span class='ocr_line' id='line_1_26' title="bbox 209 3028 1385 3114; baseline 0.003 -22"><span class='ocrx_word' id='word_1_229' title='bbox 209 3028 316 3092; x_wconf 90' lang='lat' dir='ltr'>Doctr.</span> <span class='ocrx_word' id='word_1_230' title='bbox 343 3030 371 3108; x_wconf 87' lang='lat'>1,</span> <span class='ocrx_word' id='word_1_231' title='bbox 396 3030 481 3092; x_wconf 86' lang='lat'>3-5</span> <span class='ocrx_word' id='word_1_232' title='bbox 513 3030 681 3114; x_wconf 83' lang='lat' dir='ltr'>leguntur,</span> <span class='ocrx_word' id='word_1_233' title='bbox 714 3030 768 3093; x_wconf 89' lang='lat' dir='ltr'>sed</span> <span class='ocrx_word' id='word_1_234' title='bbox 791 3031 977 3094; x_wconf 90' lang='lat' dir='ltr'>mandatum</span> <span class='ocrx_word' id='word_1_235' title='bbox 1001 3034 1116 3096; x_wconf 89' lang='lat' dir='ltr'>amoris</span> <span class='ocrx_word' id='word_1_236' title='bbox 1139 3031 1199 3096; x_wconf 90' lang='lat' dir='ltr'>Dei</span> <span class='ocrx_word' id='word_1_237' title='bbox 1221 3053 1245 3097; x_wconf 93' lang='grc'>6.</span> <span class='ocrx_word' id='word_1_238' title='bbox 1272 3031 1385 3095; x_wconf 88' lang='grc'><strong>16116</strong></span> 
     </span>
     <span class='ocr_line' id='line_1_27' title="bbox 210 3134 1385 3219; baseline 0.003 -23"><span class='ocrx_word' id='word_1_239' title='bbox 210 3138 394 3217; x_wconf 91' lang='lat' dir='ltr'>conceptum</span> <span class='ocrx_word' id='word_1_240' title='bbox 424 3136 589 3219; x_wconf 91' lang='lat' dir='ltr'>proponit,</span> <span class='ocrx_word' id='word_1_241' title='bbox 621 3140 658 3200; x_wconf 92' lang='lat' dir='ltr'>ut</span> <span class='ocrx_word' id='word_1_242' title='bbox 687 3158 758 3200; x_wconf 92' lang='lat' dir='ltr'>eum</span> <span class='ocrx_word' id='word_1_243' title='bbox 791 3135 881 3199; x_wconf 90' lang='lat' dir='ltr'>illam</span> <span class='ocrx_word' id='word_1_244' title='bbox 909 3136 1099 3218; x_wconf 89' lang='lat' dir='ltr'>scripturam</span> <span class='ocrx_word' id='word_1_245' title='bbox 1122 3159 1186 3200; x_wconf 89' lang='lat' dir='ltr'>non</span> <span class='ocrx_word' id='word_1_246' title='bbox 1209 3134 1385 3218; x_wconf 86' lang='lat' dir='ltr'>respexisse</span> 
     </span>
     <span class='ocr_line' id='line_1_28' title="bbox 209 3238 1385 3322; baseline 0.004 -24"><span class='ocrx_word' id='word_1_247' title='bbox 209 3238 315 3299; x_wconf 86' lang='grc'><strong>161111</strong></span> <span class='ocrx_word' id='word_1_248' title='bbox 338 3244 443 3304; x_wconf 88' lang='lat' dir='ltr'>mente</span> <span class='ocrx_word' id='word_1_249' title='bbox 470 3240 619 3305; x_wconf 89' lang='lat' dir='ltr'>habuisse</span> <span class='ocrx_word' id='word_1_250' title='bbox 649 3241 703 3304; x_wconf 87' lang='grc'><strong>1111</strong></span> <span class='ocrx_word' id='word_1_251' title='bbox 734 3261 860 3304; x_wconf 89' lang='lat' dir='ltr'>censere</span> <span class='ocrx_word' id='word_1_252' title='bbox 889 3240 1054 3322; x_wconf 81' lang='lat' dir='ltr'>possimus</span> <span class='ocrx_word' id='word_1_253' title='bbox 1101 3238 1275 3322; x_wconf 89' lang='lat' dir='ltr'>Postquam</span> <span class='ocrx_word' id='word_1_254' title='bbox 1298 3239 1385 3303; x_wconf 89' lang='lat' dir='ltr'>enim</span> 
     </span>
     <span class='ocr_line' id='line_1_29' title="bbox 210 3339 1385 3436; baseline 0.003 -34"><span class='ocrx_word' id='word_1_255' title='bbox 210 3339 381 3421; x_wconf 67' lang='lat' dir='ltr'>Maura,</span> <span class='ocrx_word' id='word_1_256' title='bbox 407 3343 447 3406; x_wconf 86' lang='lat'>10</span> <span class='ocrx_word' id='word_1_257' title='bbox 479 3348 510 3407; x_wconf 92' lang='grc'>61</span> <span class='ocrx_word' id='word_1_258' title='bbox 541 3343 658 3407; x_wconf 89' lang='lat' dir='ltr'>Matth.</span> <span class='ocrx_word' id='word_1_259' title='bbox 685 3345 735 3423; x_wconf 85' lang='lat'>19,</span> <span class='ocrx_word' id='word_1_260' title='bbox 759 3345 799 3407; x_wconf 82' lang='lat'>39</span> <span class='ocrx_word' id='word_1_261' title='bbox 831 3342 881 3406; x_wconf 92' lang='grc'>161</span> <span class='ocrx_word' id='word_1_262' title='bbox 903 3343 1009 3426; x_wconf 89' lang='lat' dir='ltr'>potius</span> <span class='ocrx_word' id='word_1_263' title='bbox 1032 3341 1131 3405; x_wconf 87' lang='lat' dir='ltr'>Marc.</span> <span class='ocrx_word' id='word_1_264' title='bbox 1158 3342 1207 3421; x_wconf 80' lang='lat'>12,</span> <span class='ocrx_word' id='word_1_265' title='bbox 1232 3343 1273 3406; x_wconf 87' lang='grc'>29</span> <span class='ocrx_word' id='word_1_266' title='bbox 1296 3363 1385 3436; x_wconf 82' lang='lat' dir='ltr'>com-</span> 
     </span>
     <span class='ocr_line' id='line_1_30' title="bbox 209 3443 1384 3530; baseline 0.001 -24"><span class='ocrx_word' id='word_1_267' title='bbox 209 3444 342 3508; x_wconf 89' lang='lat' dir='ltr'>miscens</span> <span class='ocrx_word' id='word_1_268' title='bbox 371 3446 511 3529; x_wconf 89' lang='lat' dir='ltr'>scripsit:</span> <span class='ocrx_word' id='word_1_269' title='bbox 543 3447 649 3529; x_wconf 78' lang='grc' dir='ltr'>κὺριον</span> <span class='ocrx_word' id='word_1_270' title='bbox 678 3446 831 3508; x_wconf 73' lang='grc' dir='ltr'>τὸνθεόν</span> <span class='ocrx_word' id='word_1_271' title='bbox 864 3467 920 3508; x_wconf 94' lang='grc' dir='ltr'>σου</span> <span class='ocrx_word' id='word_1_272' title='bbox 951 3443 1181 3528; x_wconf 79' lang='grc' dir='ltr'>προσκυνήσεις</span> <span class='ocrx_word' id='word_1_273' title='bbox 1212 3447 1266 3507; x_wconf 80' lang='grc' dir='ltr'>καὶ</span> <span class='ocrx_word' id='word_1_274' title='bbox 1298 3447 1384 3530; x_wconf 82' lang='grc' dir='ltr'>αὐτῷ</span> 
     </span>
     <span class='ocr_line' id='line_1_31' title="bbox 210 3546 1385 3633; baseline 0.003 -25"><span class='ocrx_word' id='word_1_275' title='bbox 210 3547 293 3631; x_wconf 74' lang='grc' dir='ltr'>μόνῳ</span> <span class='ocrx_word' id='word_1_276' title='bbox 316 3546 494 3631; x_wconf 77' lang='grc' dir='ltr'>λατρεύσεις</span> <span class='ocrx_word' id='word_1_277' title='bbox 517 3548 550 3626; x_wconf 84' lang='grc' dir='ltr'>ἐξ</span> <span class='ocrx_word' id='word_1_278' title='bbox 574 3548 648 3632; x_wconf 78' lang='grc' dir='ltr'>ὅλης</span> <span class='ocrx_word' id='word_1_279' title='bbox 672 3559 727 3633; x_wconf 80' lang='grc' dir='ltr'>τῆς</span> <span class='ocrx_word' id='word_1_280' title='bbox 750 3549 882 3632; x_wconf 79' lang='grc' dir='ltr'>καρδίας</span> <span class='ocrx_word' id='word_1_281' title='bbox 906 3571 962 3612; x_wconf 89' lang='grc' dir='ltr'>σου</span> <span class='ocrx_word' id='word_1_282' title='bbox 986 3551 1040 3613; x_wconf 79' lang='grc' dir='ltr'>καὶ</span> <span class='ocrx_word' id='word_1_283' title='bbox 1056 3549 1089 3626; x_wconf 84' lang='grc' dir='ltr'>ἐξ</span> <span class='ocrx_word' id='word_1_284' title='bbox 1106 3548 1181 3632; x_wconf 84' lang='grc' dir='ltr'>ὅλης</span> <span class='ocrx_word' id='word_1_285' title='bbox 1204 3559 1258 3633; x_wconf 74' lang='grc' dir='ltr'>τῆς</span> <span class='ocrx_word' id='word_1_286' title='bbox 1275 3549 1385 3633; x_wconf 77' lang='grc' dir='ltr'>ἰσχύος</span> 
     </span>
     <span class='ocr_line' id='line_1_32' title="bbox 210 3651 1385 3738; baseline 0.005 -25"><span class='ocrx_word' id='word_1_287' title='bbox 210 3672 276 3729; x_wconf 88' lang='grc' dir='ltr'>σου,</span> <span class='ocrx_word' id='word_1_288' title='bbox 300 3651 440 3716; x_wconf 89' lang='lat' dir='ltr'>addidit:</span> <span class='ocrx_word' id='word_1_289' title='bbox 464 3651 570 3734; x_wconf 83' lang='grc' dir='ltr'>κυρίον</span> <span class='ocrx_word' id='word_1_290' title='bbox 593 3653 645 3714; x_wconf 77' lang='grc' dir='ltr'>τὸν</span> <span class='ocrx_word' id='word_1_291' title='bbox 668 3652 745 3714; x_wconf 73' lang='grc' dir='ltr'>θεὸν</span> <span class='ocrx_word' id='word_1_292' title='bbox 768 3654 835 3715; x_wconf 81' lang='grc' dir='ltr'>τὸν</span> <span class='ocrx_word' id='word_1_293' title='bbox 858 3653 1088 3738; x_wconf 80' lang='grc' dir='ltr'>ποιήσαντά</span> <span class='ocrx_word' id='word_1_294' title='bbox 1111 3674 1171 3734; x_wconf 84' lang='grc' dir='ltr'>σε,</span> <span class='ocrx_word' id='word_1_295' title='bbox 1193 3653 1214 3716; x_wconf 89' lang='grc'>1.</span> <span class='ocrx_word' id='word_1_296' title='bbox 1232 3675 1256 3719; x_wconf 79' lang='lat' dir='ltr'>e.</span> <span class='ocrx_word' id='word_1_297' title='bbox 1274 3655 1385 3719; x_wconf 85' lang='lat' dir='ltr'>eadem</span> 
     </span>
     <span class='ocr_line' id='line_1_33' title="bbox 211 3756 1385 3840; baseline 0.002 -19"><span class='ocrx_word' id='word_1_298' title='bbox 211 3757 316 3835; x_wconf 87' lang='lat' dir='ltr'>verba,</span> <span class='ocrx_word' id='word_1_299' title='bbox 343 3779 423 3840; x_wconf 88' lang='lat' dir='ltr'>quae</span> <span class='ocrx_word' id='word_1_300' title='bbox 438 3757 593 3821; x_wconf 89' lang='lat' dir='ltr'>Doctrina</span> <span class='ocrx_word' id='word_1_301' title='bbox 611 3756 676 3836; x_wconf 87' lang='lat'>1,2</span> <span class='ocrx_word' id='word_1_302' title='bbox 700 3758 836 3821; x_wconf 88' lang='lat' dir='ltr'>exhibet.</span> <span class='ocrx_word' id='word_1_303' title='bbox 870 3758 977 3823; x_wconf 87' lang='lat' dir='ltr'>Verba</span> <span class='ocrx_word' id='word_1_304' title='bbox 993 3781 1067 3822; x_wconf 86' lang='lat' dir='ltr'>sane</span> <span class='ocrx_word' id='word_1_305' title='bbox 1083 3759 1178 3822; x_wconf 90' lang='lat' dir='ltr'>etiam</span> <span class='ocrx_word' id='word_1_306' title='bbox 1196 3758 1230 3820; x_wconf 90' lang='lat' dir='ltr'>in</span> <span class='ocrx_word' id='word_1_307' title='bbox 1246 3757 1385 3840; x_wconf 87' lang='lat' dir='ltr'>epistula</span> 
     </span>
    </p>
   </div>
   <div class='ocr_carea' id='block_1_5' title="bbox 212 3945 1383 4101">
    <p class='ocr_par' dir='ltr' id='par_1_5' title="bbox 212 3945 1383 4101">
     <span class='ocr_line' id='line_1_34' title="bbox 282 3945 1383 4018; baseline 0.001 -18"><span class='ocrx_word' id='word_1_308' title='bbox 282 3948 307 4018; x_wconf 84' lang='lat'>1)</span> <span class='ocrx_word' id='word_1_309' title='bbox 326 3950 358 4002; x_wconf 89' lang='lat' dir='ltr'>A.</span> <span class='ocrx_word' id='word_1_310' title='bbox 377 3947 457 4012; x_wconf 83' lang='lat' dir='ltr'>Link,</span> <span class='ocrx_word' id='word_1_311' title='bbox 477 3947 578 4001; x_wconf 71' lang='grc'><strong>0161616·</strong></span> <span class='ocrx_word' id='word_1_312' title='bbox 590 3947 692 4000; x_wconf 81' lang='lat' dir='ltr'>Persou</span> <span class='ocrx_word' id='word_1_313' title='bbox 709 3946 767 3999; x_wconf 83' lang='lat' dir='ltr'>aad</span> <span class='ocrx_word' id='word_1_314' title='bbox 784 3946 865 4001; x_wconf 83' lang='lat' dir='ltr'>Werlr</span> <span class='ocrx_word' id='word_1_315' title='bbox 883 3948 920 4000; x_wconf 77' lang='grc'>161</span> <span class='ocrx_word' id='word_1_316' title='bbox 939 3945 1038 3999; x_wconf 82' lang='lat' dir='ltr'>Hirteo</span> <span class='ocrx_word' id='word_1_317' title='bbox 1057 3947 1080 4000; x_wconf 85' lang='grc'>(1.</span> <span class='ocrx_word' id='word_1_318' title='bbox 1102 3946 1217 3999; x_wconf 84' lang='lat' dir='ltr'>Hermus</span> <span class='ocrx_word' id='word_1_319' title='bbox 1238 3945 1304 3999; x_wconf 87' lang='lat'>1886</span> <span class='ocrx_word' id='word_1_320' title='bbox 1323 3965 1348 4016; x_wconf 49' lang='lat' dir='ltr'>p.</span> <span class='ocrx_word' id='word_1_321' title='bbox 1367 3949 1383 4001; x_wconf 81' lang='grc'><strong>7</strong></span> 
     </span>
     <span class='ocr_line' id='line_1_35' title="bbox 212 4032 1383 4101; baseline -0.003 -11"><span class='ocrx_word' id='word_1_322' title='bbox 212 4037 288 4101; x_wconf 91' lang='grc'><strong>-11,</strong></span> <span class='ocrx_word' id='word_1_323' title='bbox 307 4036 441 4091; x_wconf 85' lang='lat' dir='ltr'>Hermam</span> <span class='ocrx_word' id='word_1_324' title='bbox 454 4032 709 4088; x_wconf 84' lang='lat' dir='ltr'>SimilitudinemV</span> <span class='ocrx_word' id='word_1_325' title='bbox 726 4033 892 4088; x_wconf 88' lang='lat' dir='ltr'>scribentem</span> <span class='ocrx_word' id='word_1_326' title='bbox 913 4032 1023 4086; x_wconf 80' lang='lat' dir='ltr'>etiamsi</span> <span class='ocrx_word' id='word_1_327' title='bbox 1042 4052 1098 4088; x_wconf 91' lang='lat' dir='ltr'>non</span> <span class='ocrx_word' id='word_1_328' title='bbox 1107 4034 1268 4089; x_wconf 85' lang='lat' dir='ltr'>Doctrinam</span> <span class='ocrx_word' id='word_1_329' title='bbox 1281 4032 1383 4101; x_wconf 89' lang='lat' dir='ltr'>ipsam,</span> 
     </span>
    </p>
   </div>
   <div class='ocr_carea' id='block_1_6' title="bbox 211 4120 1384 4279">
    <p class='ocr_par' dir='ltr' id='par_1_6' title="bbox 211 4120 1384 4279">
     <span class='ocr_line' id='line_1_36' title="bbox 211 4120 1384 4191; baseline -0.002 -15"><span class='ocrx_word' id='word_1_330' title='bbox 211 4121 352 4177; x_wconf 89' lang='lat' dir='ltr'>orationes</span> <span class='ocrx_word' id='word_1_331' title='bbox 372 4124 472 4176; x_wconf 86' lang='lat' dir='ltr'>saltem</span> <span class='ocrx_word' id='word_1_332' title='bbox 492 4121 690 4176; x_wconf 80' lang='lat' dir='ltr'>eucharisticae</span> <span class='ocrx_word' id='word_1_333' title='bbox 713 4121 743 4174; x_wconf 90' lang='lat' dir='ltr'>in</span> <span class='ocrx_word' id='word_1_334' title='bbox 762 4138 795 4176; x_wconf 90' lang='lat' dir='ltr'>ea</span> <span class='ocrx_word' id='word_1_335' title='bbox 814 4121 960 4177; x_wconf 86' lang='lat' dir='ltr'>contentas</span> <span class='ocrx_word' id='word_1_336' title='bbox 979 4121 1106 4191; x_wconf 84' lang='lat' dir='ltr'>cognitas</span> <span class='ocrx_word' id='word_1_337' title='bbox 1125 4120 1253 4176; x_wconf 87' lang='lat' dir='ltr'>habuisse</span> <span class='ocrx_word' id='word_1_338' title='bbox 1272 4121 1384 4176; x_wconf 90' lang='lat' dir='ltr'>conicit.</span> 
     </span>
     <span class='ocr_line' id='line_1_37' title="bbox 282 4208 1164 4279; baseline 0.002 -17"><span class='ocrx_word' id='word_1_339' title='bbox 282 4211 309 4277; x_wconf 75' lang='lat'>2)</span> <span class='ocrx_word' id='word_1_340' title='bbox 327 4211 482 4279; x_wconf 74' lang='lat' dir='ltr'>Zeitscbraft</span> <span class='ocrx_word' id='word_1_341' title='bbox 495 4211 549 4279; x_wconf 82' lang='lat' dir='ltr'>fdr</span> <span class='ocrx_word' id='word_1_342' title='bbox 567 4209 831 4278; x_wconf 71' lang='lat' dir='ltr'>Klrcbeapescnichte</span> <span class='ocrx_word' id='word_1_343' title='bbox 849 4209 915 4263; x_wconf 90' lang='lat' dir='ltr'>VIII</span> <span class='ocrx_word' id='word_1_344' title='bbox 936 4208 1033 4278; x_wconf 70' lang='grc'><strong>11885),</strong></span> <span class='ocrx_word' id='word_1_345' title='bbox 1053 4209 1164 4265; x_wconf 85' lang='grc'><strong>66-84.</strong></span> 
     </span>
    </p>
   </div>
   <div class='ocr_carea' id='block_1_7' title="bbox 280 4296 1040 4368">
    <p class='ocr_par' dir='ltr' id='par_1_7' title="bbox 280 4296 1040 4368">
     <span class='ocr_line' id='line_1_38' title="bbox 280 4296 1040 4368; baseline -0.004 -18"><span class='ocrx_word' id='word_1_346' title='bbox 280 4299 306 4364; x_wconf 84' lang='grc'>3)</span> <span class='ocrx_word' id='word_1_347' title='bbox 327 4296 368 4351; x_wconf 82' lang='lat' dir='ltr'>Of.</span> <span class='ocrx_word' id='word_1_348' title='bbox 390 4298 512 4367; x_wconf 72' lang='lat' dir='ltr'>Theoloq.</span> <span class='ocrx_word' id='word_1_349' title='bbox 531 4297 742 4368; x_wconf 68' lang='lat' dir='ltr'>Quartulsclmft</span> <span class='ocrx_word' id='word_1_350' title='bbox 761 4296 828 4351; x_wconf 86' lang='grc'><strong>1887</strong></span> <span class='ocrx_word' id='word_1_351' title='bbox 847 4315 873 4366; x_wconf 92' lang='lat' dir='ltr'>p.</span> <span class='ocrx_word' id='word_1_352' title='bbox 893 4297 1040 4353; x_wconf 83' lang='lat'>355-359.</span> 
     </span>
    </p>
   </div>
   <div class='ocr_carea' id='block_1_8' title="bbox 0 0 1472 4890">
    <p class='ocr_par' dir='ltr' id='par_1_8' title="bbox 0 0 1472 4890">
     <span class='ocr_line' id='line_1_39' title="bbox 0 0 1472 4890; baseline 0 0"><span class='ocrx_word' id='word_1_353' title='bbox 0 0 1472 4890; x_wconf 95' lang='lat' dir='ltr'> </span> 
     </span>
    </p>
   </div>
  </div>
 </body>
</html>
