2918 4890
346 309 568 364 sauciorum
586 307 850 383 APOSTOLORUM
868 307 914 373 XI,
935 306 1062 371 2-X111,
1079 309 1101 360 1.
1265 307 1305 373 57

134 470 285 554 cupidus3
310 493 348 534 ex
370 469 420 533 his
444 469 528 533 enirn
549 469 694 532 omnibus
711 469 798 532 furta
814 468 1001 553 gignuntur.
1042 469 1072 530 2.
1098 467 1170 546 Fili,
1193 489 1233 530 ne
1250 466 1307 530 fias

136 598 292 654 morosus,
310 575 458 658 quoniam
476 576 507 638 id
524 575 611 638 ducit
627 576 666 638 ad
682 574 921 657 blasphemiam,
937 596 1038 658 neque
1053 573 1190 637 insolens
1206 595 1308 656 neque

135 705 236 764 prava
260 681 432 758 meditare;
464 703 502 744 ex
524 680 575 744 his
606 681 690 743 enim
713 680 859 744 omnibus
881 679 1097 764 blasphemiae
1119 677 1305 763 gignuntur.

137 789 165 850 3.
188 784 239 850 Sis
264 808 338 850 vero
360 791 555 865 mansuetus,
579 786 653 869 quia
669 785 825 850 mansueti
841 785 1066 850 hereditabunt
1088 804 1222 867 regnum
1237 803 1307 845 cae-

136 892 248 958 lorum.
296 892 324 958 l.
349 891 423 956 Fias
445 892 648 976 longanimis,
672 890 842 970 misericos,
865 891 1024 974 pacificus,
1048 911 1146 974 purus
1158 889 1250 952 corde
1266 888 1306 951 ab
1333 907 1345 944 ⁵

138 997 224 1061 omni
247 995 408 1080 nequitia,
443 997 592 1061 innocens
615 999 647 1060 et
670 997 811 1080 quietus,
844 996 949 1060 bonus
982 1001 1013 1060 et
1035 993 1213 1059 custodiens
1236 1016 1307 1058 cum

136 1106 273 1166 tremore
295 1102 402 1181 verba,
426 1124 506 1185 quae
530 1101 689 1165 audivisti.
735 1101 765 1165 5.
789 1099 861 1165 Non
886 1102 1018 1166 extolles
1041 1104 1073 1164 te
1096 1122 1196 1184 neque
1222 1121 1308 1163 com·

136 1207 244 1270 mittes
268 1207 408 1270 animam
431 1209 521 1269 tuam
544 1229 615 1271 cum
638 1206 747 1286 elatis,
780 1208 833 1271 sed
865 1230 936 1272 cum
958 1206 1051 1271 iustis
1079 1210 1111 1269 et
1133 1205 1307 1269 humilibus

136 1311 382 1375 conversaberis,
429 1311 458 1375 6.
483 1310 570 1387 Quae
592 1311 652 1375 tibi
676 1311 856 1392 acciderint,
880 1335 916 1377 ea
939 1317 1103 1395 tamquam
1126 1310 1210 1374 bona
1226 1310 1307 1374 acei-

137 1417 213 1499 pies,
237 1415 380 1480 conscius
403 1415 471 1480 sine
493 1415 561 1480 Deo
584 1417 666 1481 nihil
689 1417 768 1481 fieri.
1323 1435 1347 1469 1⁰

226 1520 298 1585 XII.
338 1520 476 1586 Thomas
499 1521 596 1586 dixit:
620 1522 702 1601 Fili,
725 1524 781 1606 qui
803 1523 863 1587 tibi
886 1523 1029 1608 loquitur
1051 1544 1226 1587 sermonem
1250 1521 1309 1585 Dei

139 1631 167 1690 et
193 1630 305 1691 auctor
336 1626 397 1691 tibi
419 1627 503 1691 vitae
526 1627 564 1690 fit
595 1627 717 1711 tibique
749 1627 803 1691 dat
832 1628 866 1691 in
888 1628 1026 1694 Domino
1049 1627 1208 1712 sigillum,
1238 1649 1309 1690 eum
1405 1619 1408 1625 ⁷

139 1731 259 1795 amabis
283 1731 365 1795 sicut
387 1732 542 1816 pupillam
565 1733 648 1796 oculi
671 1733 730 1812 tui,
753 1734 967 1798 recordaberis
990 1734 1056 1798 eius
1079 1737 1172 1797 nocte
1195 1754 1230 1796 ac
1248 1733 1308 1811 die,

138 1836 265 1901 timebis
288 1859 360 1900 eum
383 1837 464 1902 sicut
487 1837 678 1914 Dominum;
708 1837 789 1902 unde
813 1839 897 1902 enim
920 1839 1094 1902 dominium
1117 1839 1242 1915 dieitur,
1264 1838 1310 1902 ibi

138 1941 294 2005 Dominus
307 1944 364 2006 est.
400 1944 429 2005 2.
446 1941 600 2026 Requires
617 1944 741 2007 vultum
757 1944 822 2007 eius
839 1944 954 2008 cotidie
969 1948 1000 2009 et
1017 1945 1155 2029 reliquos
1172 1948 1347 2023 sanctos15

139 2050 174 2110 ut
204 2048 382 2131 requiescas
416 2048 449 2110 in
481 2048 678 2112 sermonibus
711 2071 833 2124 eorum,
871 2049 1042 2113 adhaerens
1077 2049 1160 2112 enim
1192 2049 1308 2112 sanctis

139 2152 395 2216 sanctificaberis.
430 2151 610 2217 Honorabis
627 2157 733 2218 autem
748 2176 831 2233 eum,
847 2159 1003 2239 quantum
1018 2157 1120 2237 potes,
1143 2176 1181 2218 ex
1197 2154 1310 2218 sudore

138 2260 192 2321 tuo
217 2262 250 2321 et
272 2279 311 2321 ex
332 2257 439 2322 labore
460 2282 611 2323 manuum
634 2263 772 2323 tuarum.
820 2259 853 2325 Si
876 2260 961 2324 enim
985 2261 1140 2324 Dominus
1163 2281 1220 2342 por
1238 2283 1310 2325 eum

139 2363 288 2447 dignatus
305 2366 353 2426 est
371 2363 431 2427 tibi
447 2364 515 2428 dari
532 2365 729 2448 spiritualem
746 2365 852 2429 cibum
868 2369 900 2430 et
917 2369 1028 2448 potum
1046 2369 1077 2430 et
1093 2366 1190 2430 vitam
1209 2369 1326 2429 aeter-'

140 2491 225 2546 uam,
248 2471 285 2531 tu
308 2468 401 2532 debes
423 2469 643 2554 multomagis
662 2471 902 2553 corruptibilem
926 2475 957 2534 et
973 2472 1179 2555 temporalem
1196 2471 1309 2534 offerre
1323 2483 1348 2520 20

138 2575 260 2652 cibum;
293 2575 408 2659 dignus
432 2579 480 2639 est
502 2576 586 2640 enim
609 2576 770 2660 operarius
794 2577 935 2641 mercede
958 2600 1031 2656 sua,
1062 2581 1094 2641 et
1116 2577 1228 2641 bovem
1251 2575 1310 2639 tri·
1337 2653 1341 2667 .

139 2683 299 2744 iurantem
323 2702 387 2744 non
411 2679 567 2765 alligabis,
592 2684 623 2744 et
645 2703 737 2745 nemo
758 2682 884 2764 plantat
900 2682 1034 2762 vineam,
1058 2682 1135 2766 quin
1151 2680 1309 2746 defructu

140 2785 205 2850 eius
228 2787 381 2850 comedat.

226 2890 317 2955 XIII.
356 2889 479 2975 Cephas
512 2891 611 2955 dixit:
643 2889 717 2956 Non
746 2892 842 2969 iacies
875 2891 1062 2969 schismata,
1097 2891 1149 2954 sed
1182 2890 1310 2973 pacabis

142 2999 341 3081 pugnantes,
364 2996 518 3060 iudicabis
533 2997 633 3076 iuste,
658 3020 722 3061 non
746 2998 878 3081 accipies
901 3017 1068 3081 personam
1091 3015 1227 3080 arguens
1250 2994 1310 3058 ali·
1324 3008 1348 3044 2⁵

139 3243 162 3279 τ.
180 3227 203 3278 λ.
221 3218 314 3277 αὐτῶν
337 3237 383 3275 om
399 3219 430 3272 M
454 3221 457 3288 ί
484 3217 660 3290 κολλώμενος
678 3251 707 3259 »
738 3251 770 3258 -
790 3217 878 3276 ἐσθίει
896 3236 918 3272 ο.
937 3217 963 3271 V
981 3219 1009 3273 et
1022 3216 1206 3273 versionibus:
1228 3216 1310 3293 ὁγὰρ

138 3308 295 3383 ἁγιασθήσῃ
313 3324 335 3360 c.
354 3306 479 3360 ulos
498 3327 502 3358 :
523 3305 710 3377 κολλώμενος·
736 3307 830 3381 κύριος
851 3305 950 3378 ἠξίωσέ
973 3326 1004 3363 σε
1027 3304 1063 3362 δι’
1085 3303 1171 3362 αὐτοῦ
1194 3310 1312 3378 δοθῆναί

137 3395 175 3466 ὼς
185 3394 265 3472 ἅγιος
275 3395 329 3471 γὰρ
343 3392 432 3469 ἁγίοις
444 3392 607 3468 ἁγιασθήσει
625 3391 712 3468 (ἁγια-
723 3355 725 3463 t
737 3415 782 3452 σοι
799 3399 985 3466 πνευματικὴν
1003 3398 1110 3468 τροφὴν
1127 3398 1173 3450 καί
1184 3399 1256 3466 ζωὴν
1273 3394 1312 3451 αἰ-

138 3491 273 3558 σθήσεται
291 3483 324 3554 Ο)
345 3483 402 3538 VO
427 3515 458 3524 -
484 3482 661 3553 κολλώμενος
677 3514 713 3524 -
737 3481 822 3539 ώνιον
839 3481 874 3545 0,
894 3499 939 3537 om
956 3481 987 3534 M
1012 3513 1044 3519 -
1069 3477 1093 3538 εἰ
1111 3481 1164 3555 γὰρ
1183 3480 1200 3538 ὁ
1217 3482 1312 3557 κύριος

140 3571 309 3648 ἁγιασθήσῃ]
337 3571 447 3626 Similia
474 3574 486 3626 Ι
511 3571 595 3626 Clem.
623 3574 669 3637 46,
695 3573 711 3626 2
737 3569 808 3639 κτλ]
828 3570 933 3624 Auctor
952 3569 998 3623 hic
1017 3569 1180 3625 Doctrinam
1198 3570 1258 3632 4,8
1283 3572 1312 3624 et

138 3663 278 3729 tanquam
302 3659 389 3714 verba
407 3657 567 3730 Scripturas
585 3659 709 3730 allegan·
741 3658 815 3724 10,3
839 3656 868 3710 iu
892 3673 979 3710 unum
1003 3656 1143 3712 conflavit.
1174 3687 1206 3695 -
1235 3652 1312 3725 ἄξιος

139 3750 193 3802 tur.
223 3745 292 3801 Cum
312 3749 410 3801 auctor
423 3747 574 3816 epistulam
585 3745 711 3802 Clemen·
737 3744 807 3815 κτλ]
827 3743 921 3799 Doctr.
941 3746 980 3809 13,
996 3745 1018 3798 1.
1047 3744 1198 3808 Luc.10,7.
1218 3743 1311 3798 ITim.

142 3836 180 3888 tis
196 3835 231 3889 ad
245 3832 403 3889 Corinthios
416 3833 492 3887 haud
506 3833 589 3888 dubie
598 3835 712 3903 legisset
739 3831 824 3898 5,18.
856 3862 887 3868 -
918 3838 988 3906 βοῦν
1017 3831 1087 3902 κτλ]
1116 3831 1196 3885 Dect.
1221 3831 1267 3893 25,
1288 3833 1312 3884 4.

138 3922 183 3990 (cf.
207 3921 283 3975 infra
302 3922 348 3988 22,
365 3923 395 3985 2;
415 3921 455 3985 23,
479 3921 571 3986 1-3),
597 3938 659 3976 eum
678 3921 712 3976 il·
740 3918 842 3974 Irim.
861 3923 884 3982 5,
906 3919 945 3973 18.
966 3950 998 3957 -
1024 3917 1112 3985 οὐδεὶς
1129 3918 1200 3987 κτλ]
1218 3917 1231 3970 Ι
1250 3915 1311 3973 Dor.

138 4009 197 4062 lum
224 4009 315 4063 locum
342 4007 387 4061 hio
414 4007 564 4078 respexisse
590 4008 713 4063 conicere
739 4008 763 4070 9,
783 4009 806 4060 7.

137 4095 212 4150 licet.
776 4094 849 4158 XIII,
872 4096 894 4148 1.
917 4104 956 4149 23.
977 4097 1114 4166 σχίσματα
1132 4092 1192 4147 ev
1211 4095 1239 4147 et
1253 4110 1312 4148 ver·

172 4183 197 4238 3.
219 4192 297 4252 lorq.
317 4186 652 4257 τιμήσεις-χειρῶνσου
668 4200 713 4238 om
740 4183 876 4238 sionibus:
896 4184 997 4254 σχίσμα
1016 4180 1084 4245 OD,
1113 4180 1233 4253 συνάψαι
1252 4179 1312 4238 τινὰ

139 4269 226 4339 ΟΙδὲ
244 4287 267 4324 c.
287 4271 342 4325 MS
358 4289 421 4325 :om
442 4269 534 4338 Vll?
549 4292 600 4340 sqq.
618 4269 643 4326 εἰ
659 4262 830 4344 γὰρίμάχην
852 4270 923 4344 πρὸς
946 4264 1043 4343 ἕτερον
1065 4268 1114 4337 Ml
1138 4278 1169 4322 24
1206 4265 1312 4341 ἐλέγξαι
