2918 4890
112 337 154 401 86
539 329 849 387 CONSTITUTIONES

110 503 223 565 κλοπαί,
242 502 463 568 είδωλσλατρείαι,
482 504 583 567 μαγίαι,
602 505 771 565 φαρμακεῖαι,
791 501 915 566 ἁρπαγαί,
934 501 1160 565 ψευδομαρτυρίαι,
1180 500 1286 565 ύποκρί-

110 625 171 672 σεις,
190 607 381 673 διπλοκαρδίαι,
399 607 486 672 δόλος,
499 609 670 674 ὑπερηφανία,
682 610 774 670 κακία,
787 607 926 669 αύθοίδεια,
940 607 1085 671 πλεονεξία,
1102 606 1285 673 οιίσχρσλογία,

110 713 272 778 ζηλοτυπία,
291 711 437 779 θρασύτης,
456 711 672 778 ύψηλοφροσύνη,
691 711 850 784 ἀλαζονεία,
874 701 998 788 ἀφοβία,
1023 713 1139 778 διωγμός
1164 711 1286 778 ἀγαθῶν,

110 819 242 884 ἀληθείας
260 818 355 885 ίχθρα,
374 818 485 883 ψεύδους
504 819 604 883 ἀγάπη,
623 817 718 883 ἄγνοια
736 818 912 883 δικαιοσύνης.
959 809 989 872 3.
1019 805 1058 871 Οί
1080 809 1141 891 γὰρ
1164 807 1285 870 τούτων

71 930 83 968 ⁶
109 915 234 998 ποιηταί
258 924 288 974 ού
312 923 459 974 κολλῶνται
482 923 579 989 ἀγαθῷ
604 922 665 973 ούδέ
687 925 770 987 κρίσει
793 923 896 988 δικαίᾳ·
931 925 1103 989 ἀγρυπνοῦσιν
1126 925 1176 974 ούκ
1200 926 1239 985 είς
1257 923 1286 973 τό

110 1028 224 1095 ἀγαθόν,
244 1026 305 1079 ἀλλ’
323 1029 361 1090 είς
379 1028 408 1078 τό
426 1030 555 1094 πονηρόν·
574 1023 609 1079 ὦν
629 1028 733 1094 μακρὰν
751 1029 868 1094 πραότης
887 1030 933 1079 καί
952 1029 1083 1096 ύπομονη·
1102 1030 1202 1095 μάταια
1220 1030 1286 1096 ἀγα-

110 1137 216 1197 πιύντες,
237 1135 380 1196 διώκοντες
398 1134 575 1200 ἀνταπόδομα,
595 1135 645 1184 ούκ
662 1133 800 1196 ἐλεοῦντες
818 1136 930 1200 πτωχόν,
950 1134 981 1184 ού
993 1138 1130 1195 πονοῦντες
1149 1135 1193 1184 eru
1204 1150 1286 1185 κατα-

109 1240 267 1305 πονουμένῳ,
287 1239 317 1290 ού
336 1239 509 1306 γινώσκοντες
525 1242 569 1291 τόν
582 1241 727 1306 ποιήσαντα
740 1240 844 1303 αύτούς,
863 1244 950 1305 φονείς
963 1243 1068 1302 τέκνων,
1084 1240 1286 1305 φθορείςπλάσ-

109 1361 191 1410 ματος
209 1346 290 1408 θεοῦ,
310 1348 529 1411 ἀποστρεφόμενοι
546 1347 714 1412 ἐνδεόμενον,
739 1351 951 1409 καταπονοῦντες
968 1345 1135 1414 θλιβόμενον,
1155 1346 1287 1397 πλουσίων

71 1455 96 1490 1⁰
110 1451 283 1517 παράκλητοι,
302 1453 420 1516 πενήτων
443 1441 632 1526 ὑπερόπται,
660 1452 883 1518 πανθαμοίρτητοι.
920 1450 1085 1519 Ῥυσθείητε,
1109 1454 1206 1512 τέκνα,
1235 1454 1288 1503 ἀπό

109 1558 205 1609 τούτων
224 1559 353 1609 ἁπάντων.

196 1634 282 1702 XIX.
323 1643 389 1711 Ὅρα
409 1647 443 1712 μη
462 1648 501 1708 τίς
517 1661 547 1697 σε
565 1645 686 1712 πλανηση
706 1648 758 1697 ἀπό
777 1650 825 1712 τῆς
843 1637 1017 1724 εὐσεβείας·
1043 1635 1113 1701 Οὐκ
1129 1634 1285 1710 ἐκκλινεῐς

109 1744 181 1829 γοίρ,
205 1742 313 1828 φησίν,
337 1741 391 1806 ἀπ’
413 1742 510 1827 αὐτῆς
533 1741 620 1820 δεξιὰ
642 1743 663 1827 ἢ
687 1741 849 1826 εὐώνυμα,
880 1745 930 1806 ἵνα
952 1752 1046 1827 συνης
1069 1742 1101 1805 ἐν
1124 1752 1217 1805 πᾶσιν
1241 1744 1286 1816 οίς

110 1849 164 1912 ἐὰν
187 1851 348 1933 προίσσης·
377 1849 413 1911 ού
443 1850 506 1931 γὰρ
538 1847 592 1910 ἐὰν
626 1850 668 1932 μὴ
699 1848 858 1933 ἐκτραπης
888 1848 949 1926 ἔξω
972 1858 1027 1934 τῆς
1050 1847 1175 1922 εὐθείας
1200 1847 1286 1930 ὁδοῦ,

70 1979 95 2016 τι
109 1953 319 2040 δυσσεβησεις.

197 2058 266 2126 XX.
306 2068 368 2133 Περι
387 2069 416 2118 σε
435 2069 574 2133 βρωμάτων
601 2057 687 2142 λέγει
709 2081 758 2123 σοι
780 2059 797 2124 ό
816 2060 941 2145 κύριος·
966 2058 1015 2123 Τὰ
1031 2058 1141 2144 ἀγαθὰ
1156 2067 1211 2142 τῆς
1226 2067 1285 2143 γης

110 2163 262 2247 φοίγεσθε,
286 2164 358 2226 καί·
390 2163 458 2226 Πᾶν
482 2164 578 2246 κρέας
602 2165 714 2228 έδεσθε
738 2165 780 2238 ὡς
802 2165 927 2250 λοίχανα
950 2164 1067 2249 χλόης,
1089 2165 1125 2226 τό
1150 2163 1185 2226 δὲ
1208 2165 1284 2247 αίμα

110 2269 250 2352 ἐκχεεῖς·
275 2269 311 2330 ού
335 2270 396 2352 γὰρ
421 2270 461 2331 τὰ
476 2268 679 2354 εἰσερχόμενοι
694 2271 737 2344 είς
751 2272 787 2332 τό
804 2270 904 2354 στόμα
921 2279 1020 2333 κοινοῖ
1034 2271 1087 2332 τόν
1104 2268 1282 2352 ἄνθρωπον,

110 2371 193 2437 ἀλλὰ
215 2375 255 2435 τὰ
278 2373 522 2457 ἐκπορευόμενα,
546 2373 630 2458 λέγω
655 2375 693 2458 δη
710 2373 911 2460 βλασφημίαι,
936 2374 1126 2440 καταλαλιαί
1141 2377 1196 2438 καί
1213 2377 1283 2439 εἴτι

70 2501 94 2538 το
109 2486 256 2542 τοιοῦτον.
302 2481 331 2542 2.
354 2477 399 2541 Σύ
424 2479 457 2541 δὲ
481 2479 566 2564 φοίγη
590 2481 643 2543 τόν
668 2479 781 2564 μυελόν
805 2490 859 2565 τῆς
883 2490 941 2565 γῆς
965 2484 1043 2565 μετὰ
1065 2481 1281 2567 δικαιοσύνης·

109 2585 155 2647 ότι
178 2585 205 2647 εί
226 2605 255 2647 τι
278 2583 387 2668 καλόν,
411 2586 516 2668 αὐτοῦ,
537 2569 594 2650 καί
618 2589 647 2650 εί
667 2608 695 2650 τι
717 2586 850 2670 ἀγαθόν,
876 2589 987 2652 αύτού·
1012 2597 1095 2662 σῖτος
1110 2587 1284 2663 νεανίσκοις

108 2691 162 2752 καί
179 2690 258 2764 σίνος
275 2690 452 2768 εύωδιοίζων
468 2690 655 2773 παρθένοις·
678 2692 723 2767 τίς
737 2696 800 2777 γὰρ
817 2693 950 2776 φοίγεται
965 2695 986 2779 ἢ
1001 2693 1046 2767 τίς
1063 2692 1166 2757 πίεται
1182 2693 1283 2776 παρὲξ

108 2796 222 2876 αύτού;
249 2793 400 2876 Παραινεῖ
422 2794 457 2858 δέ
481 2817 530 2858 σοι
552 2799 606 2860 καί
629 2797 645 2859 δ
669 2800 766 2880 σοφός
788 2797 927 2882 Ἔσδρας
950 2798 1070 2883 λέγων·
1100 2797 1284 2882 Πορεύεσθε

108 2901 162 2962 καί
185 2900 301 2984 φοίγετε
324 2899 505 2984 λιποίσματα
528 2904 582 2965 καί
604 2902 690 2966 πίετε
712 2902 922 2988 γλυκοίσματα
945 2906 999 2967 καί
1023 2908 1064 2988 μὴ
1089 2903 1251 2968 λυπεῖσθε.

69 3024 94 3061 κο
195 3003 280 3069 ΧΧΙ.
318 3014 384 3065 'Aoo
408 3017 436 3066 δέ
454 3019 504 3067 τῶν
522 3018 705 3069 είδωλοθύτων
717 3019 844 3084 φεύγετε·
875 3009 924 3072 ἐπί
948 3021 1020 3095 τιμῇ
1044 3013 1105 3093 γὰρ
1129 3009 1283 3092 δαιμόνων

108 3109 220 3173 θύουσι
243 3119 352 3194 ταῦτα,
377 3110 425 3195 ἐφ’
447 3113 532 3197 ύβρει
553 3112 674 3198 δηλαδὴ
690 3122 745 3177 τού
762 3113 858 3198 μόνου
873 3116 961 3198 θεοῦ,
986 3117 1070 3189 ὅπως
1087 3117 1129 3199 μὴ
1144 3112 1283 3199 γένησθε

108 3217 252 3278 κοινωνοί
276 3215 439 3300 δαιμόνων.

195 3317 298 3384 XXII.
336 3331 401 3394 Περι
419 3333 448 3382 σε
466 3332 647 3398 βαπτίσματος,
671 3324 696 3386 ὡ
721 3323 872 3387 ἐπίσκοπε
887 3327 908 3409 ἢ
924 3325 1125 3412 πρεσβύτερε,
1148 3326 1211 3410 ἤδη
1228 3327 1283 3410 μὲν

108 3425 163 3486 καί
186 3423 339 3505 πρότερον
363 3425 587 3509 διετεξοίμεθα,
620 3431 674 3492 καί
705 3436 758 3492 νῦν
782 3428 816 3492 δέ
839 3451 955 3514 φαμεν,
989 3433 1036 3495 ὅτι
1058 3443 1123 3493 ουτω
1143 3443 1283 3514 βαπτίσας,

69 3551 94 3587 το
109 3529 151 3605 ὡς
182 3528 329 3611 όκύριος
361 3529 522 3607 διετάξατο
555 3532 628 3616 ἡμῖν
660 3532 780 3617 λέγων·
815 3533 1030 3618 Πορευθέντες
1062 3537 1282 3621 μαθητεύσατε

143 3669 167 3722 3.
188 3679 210 3721 5.
230 3669 319 3744 δικαίᾳ
332 3691 339 3721 .·
352 3669 446 3744 δικαίῳ
464 3668 553 3724 Pitro.
693 3673 695 3731 ί
741 3672 800 3736 XX,
822 3674 845 3727 1.
877 3672 911 3730 τὰ
930 3672 1025 3746 ἀγαθὰ
1043 3675 1113 3746 κτλ]
1133 3675 1183 3730 les.
1204 3677 1226 3740 1,
1242 3678 1282 3731 19.

140 3755 214 3810 XlX.
236 3765 275 3808 14.
295 3753 329 3812 ού
340 3754 402 3828 γάρ,
415 3753 464 3811 ἐὰν
475 3762 514 3829 μὴ
524 3756 596 3833 exto.
611 3752 680 3826 ἔξω
693 3736 695 3809 ί
707 3791 740 3799 -
753 3769 810 3818 πᾶν
818 3759 913 3835 κρέας]
926 3760 993 3816 Gen.
1006 3763 1030 3825 9,
1042 3765 1065 3816 3.
1093 3762 1284 3832 Pseudoigna·

106 3845 140 3902 σὺ
158 3845 226 3919 γάρ,
254 3843 303 3901 ἐὰν
328 3840 470 3921 ἐκτρακῇςἸ
491 3845 619 3914 Lagurde
647 3876 680 3884 -
693 3818 695 3934 ί
707 3847 764 3902 tius
783 3849 847 3903 Her.
868 3851 892 3911 1,
910 3850 926 3902 2
946 3849 1077 3905 similiter
1093 3851 1143 3906 hos
1161 3850 1230 3906 duos
1242 3851 1282 3907 lo-

107 3931 157 3989 οὐκ
176 3929 317 4000 ἐκκλινεῖς]
342 3931 421 3985 Deut.
444 3935 474 3995 5,
488 3933 528 3986 32.
561 3932 679 3986 Versum
693 3935 695 3965 ¹
708 3951 752 3991 cos
776 3938 805 3990 ot
828 3937 909 3992 Zoch.
933 3939 964 4005 9,
984 3941 998 3992 7
1024 3942 1053 3993 et
1075 3938 1178 3994 Ecoles.
1197 3938 1229 4002 2,
1248 3938 1282 3991 25

108 4019 258 4074 Doctrinae
277 4021 452 4087 sequentem,
474 4038 528 4089 quo
547 4018 680 4073 Christia—
707 4025 745 4092 (v.
765 4024 792 4090 2)
816 4024 936 4079 exhibet.
962 4055 997 4065 -
1021 4027 1054 4082 τό
1077 4025 1106 4083 δὲ
1128 4020 1196 4094 αίμα
1214 4022 1282 4097 ἐκγ]

107 4123 159 4158 nus
187 4105 368 4171 admonetur,
396 4110 429 4160 ut
452 4110 546 4164 totum
569 4106 681 4162 Domini
708 4111 789 4166 Deut.
810 4115 850 4176 15,
863 4113 906 4167 23.
924 4143 958 4152 -
976 4112 1010 4171 ού
1021 4113 1075 4188 γὰρ
1087 4112 1157 4183 κτλ]
1178 4112 1281 4166 Mutth.

107 4191 206 4261 iugum
216 4195 311 4262 portet
321 4194 365 4248 vel
379 4195 480 4249 saltem
492 4194 587 4261 faciat,
601 4196 680 4264 quid·
693 4232 696 4355 ,
710 4202 749 4264 15,
769 4200 810 4254 ll.
831 4201 872 4254 19.

106 4279 174 4348 quid
193 4281 289 4350 possit,
309 4285 406 4338 auctor
425 4283 527 4339 omisit.
742 4288 767 4341 2.
788 4297 817 4340 23
831 4309 867 4358 sq.
885 4300 1015 4365 παραινεῖ
1030 4322 1064 4331 -
1082 4297 1217 4350 λυπεῖσθε
1235 4309 1280 4347 om
