2918 4890
323 330 545 386 SANCTORUM
564 329 827 385 APOS'ronoaUM
846 328 907 394 VH,
926 330 969 395 22,
989 331 1082 394 1-23,
1101 332 1125 387 2.
1268 333 1309 398 89

135 496 247 571 perires,
272 490 470 575 baptizantes
487 513 539 556 eos
554 490 587 553 in
603 490 732 554 nomine
746 490 847 572 patris
873 494 904 554 et
919 489 978 553 filii
994 493 1025 555 et
1040 491 1171 574 spiritus
1187 490 1309 566 sancti;

137 595 275 661 docentes
290 617 340 661 eos
354 617 478 660 servare
494 596 608 674 omorio,
626 615 833 676 quoecumque
846 595 996 659 mandavi
1007 596 1109 659 uobis:
1132 596 1166 659 in
1181 595 1309 659 nomine

139 703 249 784 patris,
272 701 327 785 qui
349 701 447 780 misit,
472 699 601 779 Christi,
626 700 681 784 qui
704 700 801 778 venit,
824 699 985 782 paracleti,
1014 701 1068 784 qui
1091 701 1307 766 testimonium

139 807 307 890 perhibuit.
354 808 384 870 2.
409 805 520 891 Unges
544 810 651 870 autem
673 804 762 888 prius
778 805 847 868 oleo
862 807 982 884 sancto,
1006 806 1117 870 deinde
1132 804 1309 889 baptizabis

141 935 236 996 aqua,
262 915 293 976 et
315 913 444 978 tandem
467 912 610 996 signabis
633 913 807 996 unguento,
830 913 868 974 ut
891 910 995 974 oleum
1011 911 1136 994 quidem
1153 911 1195 974 sit
1207 909 1334 993 parti-a

141 1017 253 1101 cipatio
275 1019 406 1101 spiritus
429 1018 540 1096 sancti,
566 1039 648 1100 aqua
671 1038 745 1080 vero
768 1015 946 1099 symbolum
963 1016 1085 1096 mortis,
1109 1019 1308 1098 unguentum

140 1125 241 1186 autem
271 1122 414 1207 sigillum
445 1122 638 1206 pactionum.
684 1121 802 1198 Quodsi
833 1143 935 1205 neque
962 1120 1065 1184 oleum
1096 1119 1179 1184 adsit
1208 1142 1309 1204 neque

141 1230 348 1312 unguentum,
371 1227 490 1291 sufficit
513 1250 596 1312 aqua
619 1230 651 1292 et
673 1228 712 1291 ad
735 1226 916 1290 unctionem
939 1229 971 1290 et
994 1225 1033 1288 ad
1049 1223 1192 1308 sigillum
1214 1227 1246 1289 et
1269 1225 1308 1289 ad

138 1331 363 1396 confessionem
387 1332 551 1397 morientis
573 1354 628 1397 seu
651 1331 896 1396 commorientis.
943 1332 972 1395 3.
996 1327 1082 1394 Ante
1098 1339 1205 1394 autem
1227 1329 1308 1412 bap-

139 1436 231 1500 tisma
247 1436 376 1516 ieiunet,
400 1438 455 1521 qui
470 1437 670 1521 baptizatum
694 1437 810 1501 etenim
827 1436 983 1500 Dominus
1002 1436 1140 1519 primum
1157 1457 1175 1499 a
1190 1434 1309 1499 Ioanne
1323 1460 1347 1496 10

138 1542 315 1625 baptizatus
339 1543 426 1607 etin
450 1544 574 1607 deserto
596 1546 828 1622 commoratus,
863 1545 973 1626 postea
994 1539 1148 1603 ieiunavit
1171 1540 1308 1623 quadra-

138 1648 228 1731 ginta
250 1647 360 1712 diebus
383 1651 414 1713 et
437 1648 651 1733 quadraginta
666 1648 821 1713 noctibus.
869 1648 899 1711 4.
923 1645 1109 1729 Baptizatus
1124 1648 1230 1709 autem
1247 1645 1309 1708 fuit

138 1774 171 1816 ac
194 1750 358 1830 ieiunavit,
381 1773 444 1815 non
468 1755 552 1838 quod
575 1755 643 1837 ipse
665 1776 744 1837 opus
766 1753 898 1817 haberet
918 1752 1080 1816 ablutione
1095 1751 1236 1815 sordium
1258 1753 1309 1817 vel

137 1857 254 1921 ieiunio
278 1856 328 1921 vel
350 1859 550 1942 purgatione,
574 1859 629 1944 qui
651 1862 768 1923 natura
791 1881 889 1942 purus
912 1860 944 1923 et
967 1858 1093 1919 sauctus
1116 1858 1174 1934 est,
1197 1857 1251 1921 sed
1273 1861 1309 1921 ut

136 1961 248 2026 Ioanni
282 1963 448 2027 veritatem
483 1967 689 2029 attestaretur
723 1968 755 2028 et
789 1964 880 2027 nobis
915 1962 1093 2045 exemplum
1131 1962 1347 2045 praeberetis

137 2067 165 2131 5.
190 2066 295 2152 Igitur
312 2066 465 2133 Dominus
488 2092 552 2133 non
568 2070 695 2154 quidem
716 2070 896 2153 baptizatus
912 2072 960 2133 est
974 2068 1008 2131 in
1025 2068 1203 2151 passionem
1218 2091 1306 2132 suam

136 2172 186 2236 vel
208 2175 343 2236 mortem
367 2172 417 2237 vel
439 2174 719 2252 resurrectionem
743 2175 884 2238 nondum
907 2174 992 2238 enim
1008 2173 1172 2258 quidpiam
1192 2173 1308 2237 horum

136 2277 311 2356 acciderat,
334 2278 388 2341 sed
411 2278 445 2342 in
468 2278 564 2344 aliam
587 2281 835 2360 ordinationem,
868 2283 1061 2364 quapropter
1092 2301 1130 2343 ex
1152 2280 1309 2362 potestate

137 2382 257 2447 ieiunat
278 2387 351 2466 post
374 2383 534 2467 baptisma
556 2389 593 2450 ut
620 2387 766 2451 dominus
789 2386 934 2462 Ioannis3
960 2388 989 2450 6.
1013 2387 1158 2470 quivero
1174 2384 1206 2447 iu
1223 2406 1308 2447 mor·

136 2489 200 2552 tem
223 2486 309 2552 illius
331 2510 387 2571 per
410 2489 605 2573 baptismum
627 2491 784 2570 initiatur,
809 2492 901 2556 debet
923 2491 1011 2574 prius
1026 2490 1167 2553 ieiunare
1190 2494 1222 2553 et
1237 2492 1305 2553 tum
1322 2508 1346 2545 20

136 2592 301 2676 baptizari.
338 2593 485 2679 Aequum
509 2596 627 2679 quippe
641 2617 705 2660 non
726 2599 784 2674 est,
808 2598 844 2658 ut
859 2596 897 2674 is,
913 2594 966 2678 qui
983 2593 1186 2677 consepultus
1202 2597 1249 2658 est
1277 2596 1309 2657 et

137 2698 346 2778 consurrexit,
361 2700 420 2763 sub
436 2699 539 2783 ipsam
555 2702 816 2765 resurrectionem
832 2703 981 2765 maereat.
1021 2698 1096 2763 Non
1112 2698 1196 2763 euim
1211 2698 1308 2762 homo

137 2802 374 2869 constitutionis
405 2805 446 2868 ad
467 2808 661 2870 servatorem
683 2806 872 2889 pertinentis
903 2805 1048 2869 dominus
1071 2808 1135 2868 est:
1166 2805 1307 2887 quando-

136 2906 262 2991 quidem
284 2908 337 2972 hic
360 2909 506 2975 domiuus
521 2914 586 2992 est,
609 2911 663 2976 ille
686 2934 760 2976 vero
783 2911 953 2976 subiectus.

101 3020 104 3025 '
222 3011 341 3078 XXIII.
380 3012 502 3080 Ieiunia
517 3039 590 3081 vero
604 3020 710 3082 vestra
725 3040 765 3081 ne
781 3017 845 3081 sint
861 3039 932 3081 cum
948 3015 1140 3100 hypocritis;
1163 3015 1307 3080 ieiunant
1321 3035 1346 3071 2⁵

136 3118 220 3181 enim
243 3120 379 3183 secunda
410 3124 442 3184 et
471 3122 583 3205 quinta
615 3122 830 3187 sabbatorum.
877 3121 943 3186 Vos
975 3143 1049 3186 vero
1080 3124 1136 3185 aut
1168 3123 1308 3206 quinque

137 3224 247 3289 diebus
269 3225 433 3290 ieiunante
456 3231 512 3290 aut
528 3232 643 3310 quarta
659 3228 740 3292 feria
762 3232 792 3292 et
809 3250 992 3312 parasceve:
1019 3229 1169 3312 quoniam
1194 3230 1308 3310 quarto

138 3330 264 3414 quidem
286 3329 493 3394 hebdomadis
516 3330 566 3394 die
580 3330 733 3395 iudicium
748 3331 922 3395 Dominum
945 3333 1156 3397 condemnans
1179 3333 1308 3417 prodiit,

137 3457 208 3499 cum
218 3434 313 3499 Iudas
325 3437 458 3519 pecunia
473 3436 683 3520 proditionem
701 3442 783 3501 esset
798 3436 977 3521 pollicitus3
1002 3460 1171 3527 parasceve
1191 3443 1308 3518 autern,

136 3541 211 3624 quia
234 3562 270 3603 eo
286 3541 336 3605 die
352 3541 508 3606 Dominus
524 3545 659 3606 mortem
675 3543 777 3607 crucis
790 3565 901 3627 passus
922 3547 969 3607 est
985 3543 1044 3607 sub
1061 3541 1176 3607 Pontio
1192 3542 1307 3607 Pilato
1322 3564 1347 3600 ao

137 3645 166 3708 2.
192 3645 293 3730 Atqui
316 3647 484 3711 sabbatum
507 3651 539 3713 et
562 3648 751 3713 dominicam
775 3649 872 3714 festos
895 3649 961 3714 dies
983 3649 1108 3728 habete,
1132 3649 1309 3733 quiaillud

135 3751 262 3834 quidem
275 3752 442 3817 creationis
454 3754 630 3819 recordatio
643 3757 700 3834 est,
710 3755 771 3819 hoc
784 3776 857 3818 vero
872 3753 1120 3818 resurrectionis.
1157 3755 1186 3818 3.
1198 3753 1308 3820 Unum

134 3940 232 3994 batum
253 3958 286 3994 ac
297 3941 472 3996 dominicam⁴
505 3943 641 3998 Similiter
653 3945 707 3998 Au·
720 3946 723 3971 ¹
735 3946 784 4013 δάς
793 3962 1012 4001 commemorans
1022 3962 1077 3999 non
1087 3943 1235 4000 cuiuslibet
1242 3944 1308 3998 heb·

136 4028 265 4095 guatinas
276 4027 326 4100 Ep.
335 4031 368 4084 36
382 4047 409 4083 n.
419 4031 435 4085 8
446 4030 481 4084 ad
490 4031 580 4084 Gasnl.
594 4031 706 4097 multos,
720 4032 722 4063 ¹
735 4033 869 4098 domadis,
883 4033 931 4088 sed
944 4032 1180 4102 Quadragesimae
1194 4032 1252 4086 dies
1261 4033 1307 4086 de-

134 4117 301 4183 praesertim
319 4117 482 4180 monachos,
512 4117 659 4188 quinquies
678 4119 707 4173 in
735 4123 848 4193 signare
867 4123 985 4177 videtur.

133 4201 308 4259 hebdomade
316 4204 440 4259 ieiunare
450 4204 526 4259 dicit.
542 4205 707 4261 BasiliusM.
727 4227 730 4237 ⁵
770 4213 794 4264 2.
816 4221 855 4266 31.
877 4212 910 4267 τὸ
919 4209 991 4281 δὲεὴ
1003 4208 1033 4266 δὲ
1042 4208 1129 4264 Pitra.
1145 4239 1172 4247 —
1190 4207 1308 4263 Pseudo·

133 4289 213 4345 Hom.
225 4291 259 4345 de
268 4292 350 4347 ieinn.
362 4292 382 4356 I,
394 4295 409 4345 7
421 4292 615 4368 πενθημέρους
624 4314 706 4352 σπον-
719 4281 722 4365 i
734 4296 860 4366 ignatius
876 4297 996 4368 Philipp.
1012 4297 1052 4363 13,
1067 4299 1083 4353 3
1103 4315 1159 4353 non
1172 4299 1232 4351 tam
1245 4295 1307 4350 sab-
