2918 4890
377 372 565 428 DOCTRINA
584 373 771 428 DUODEOIM
788 373 1064 430 APOSTOLORUM.
1242 378 1306 443 VII

133 533 168 599 Si
194 534 265 617 quis
289 535 388 598 frater
410 532 565 616 delinquit
587 533 621 595 in
644 532 772 596 ecclesia
795 536 827 597 et
848 555 913 597 non
942 539 1033 617 paret
1060 537 1138 620 legi,
1171 536 1224 599 hic
1248 558 1306 600 neo

136 639 319 722 colligatur,
342 638 440 701 donec
462 637 689 720 paenitentiam
713 641 805 721 agat,
834 641 866 701 et
888 659 951 700 non
975 638 1164 722 recipiatur,
1194 663 1232 703 ne
1255 641 1304 703 in-

133 743 287 825 quinetur
310 747 341 807 et
362 742 544 826 inpediatur
566 743 668 805 oratio
690 741 843 824 vestra1).
889 742 935 807 ef.
953 742 1060 806 Doctr.
1082 747 1182 826 apost.
1202 746 1251 822 14,
1265 748 1301 819 2;

135 848 188 925 15,
213 849 244 911 3.
291 846 383 910 Alter
406 850 453 910 est
476 845 676 925 Rufinus,
707 847 757 909 cui
780 847 813 909 in
836 847 986 910 vertenda
1008 847 1139 910 Eusebii
1159 848 1304 914 Historia

131 950 342 1014 ecclesiastica
357 949 438 1013 liber
454 950 664 1013 nominandus
681 953 758 1028 erat,
782 953 814 1013 et
829 951 1005 1014 notandum
1020 955 1077 1031 est,
1099 975 1170 1016 eum
1185 953 1304 1019 librum

130 1077 196 1119 non
219 1053 401 1132 Doctrinas,
424 1057 461 1116 ut
483 1053 609 1134 scripsit
624 1052 790 1131 Eusebius,
815 1053 868 1117 scd
884 1052 1070 1117 Doctrinam
1093 1078 1173 1138 quae
1189 1057 1304 1122 dicitur

131 1159 349 1242 apostolorum
372 1157 555 1241 appellasse.
595 1156 705 1220 Plures
724 1157 874 1221 Rufinum
899 1157 961 1221 alio
978 1179 1103 1241 quoque
1119 1159 1188 1223 loco
1203 1163 1302 1245 scrip-

130 1269 238 1327 turam
261 1266 404 1326 nostram
433 1284 679 1325 commemorare
710 1266 834 1344 putant.
881 1262 960 1327 Cum
982 1265 1016 1326 in
1039 1262 1247 1346 Expositione
1268 1268 1302 1331 in

133 1367 316 1452 symbolum
332 1366 549 1448 apostolorum
572 1387 598 1429 c.
615 1366 754 1444 36-38,
778 1367 833 1430 ubi
850 1366 1031 1450 catalogum
1054 1367 1182 1431 exhibet
1204 1371 1303 1452 scrip·

130 1474 277 1534 turanum
299 1471 491 1546 sanctarum,
514 1468 569 1550 qui
592 1490 664 1531 cum
679 1468 825 1553 catalogo
844 1469 1015 1533 Athanasii
1030 1470 1215 1554 plerumque
1230 1495 1302 1536 con-

130 1574 238 1652 venit,
262 1573 405 1637 libellum
427 1573 554 1650 laudet,
582 1573 636 1656 qui
659 1573 840 1656 appellatur
873 1574 987 1638 Duae
1017 1575 1110 1638 viae
1144 1577 1207 1639 vel
1238 1576 1302 1641 Iu-

130 1680 287 1742 dicium
309 1678 427 1742 Petri
450 1677 529 1760 (vel,
553 1682 590 1740 ut
612 1677 732 1741 codices
754 1679 902 1742 nonnulli
924 1679 1051 1762 legunt,
1075 1677 1230 1744 Iudicium
1253 1705 1302 1746 se·

131 1784 271 1846 cundum
294 1782 455 1863 Petrum),
488 1804 622 1865 eumque
652 1804 688 1845 eo
715 1780 780 1846 fere
812 1782 881 1845 loco
913 1786 1027 1864 ponat,
1061 1784 1114 1846 nbi
1139 1785 1301 1870 episcopus

131 1887 366 1951 Alexandrinus
381 1887 568 1950 Doctrinam
583 1885 798 1968 apostolorum
814 1887 967 1964 nominat,
993 1886 1206 1973 Bryennius2)
1230 1913 1301 1954 ver·

131 1991 181 2054 bis
197 1992 261 2054 illis
278 1990 463 2054 Doctrinam
487 1989 702 2072 apostolorum
726 1989 776 2052 vel
799 1990 911 2053 saltem
935 1990 1040 2072 capita
1055 1991 1231 2075 scripturae
1246 2018 1300 2060 sex

130 2096 239 2178 priora
262 2095 421 2178 designari
444 2094 587 2172 coniecit,
611 2094 702 2176 eique
724 2093 855 2175 plurimi
875 2095 992 2157 assensi
1008 2098 1092 2172 sunt,
1117 2099 1301 2178 praesertim

132 2198 332 2285 Harnack3),
356 2197 466 2264 Schaff
475 2200 501 2283 4)
526 2203 557 2263 et
580 2198 639 2262 hoc
662 2203 799 2263 testante
822 2221 928 2263 omnes
952 2199 1017 2262 fere
1032 2199 1133 2284 Angli
1156 2205 1188 2265 et
1204 2203 1301 2268 Ame-

130 2304 238 2369 ricani.
284 2305 328 2368 Et
352 2307 378 2368 si
400 2304 526 2368 libellus
550 2327 568 2367 a
591 2303 708 2366 Rufino
730 2302 885 2367 Iudicium
907 2302 994 2366 Petri
1017 2305 1193 2387 appellatus
1216 2307 1298 2371 idem

131 2413 179 2473 est
194 2431 266 2473 cum
282 2409 435 2473 Doctrina
452 2409 666 2492 apostolorum
690 2408 740 2471 vel
764 2412 854 2490 parte
869 2407 963 2470 huius
986 2407 1071 2486 libri,
1096 2410 1192 2472 etiam
1208 2409 1258 2474 Hi
1268 2434 1301 2474 e-

131 2535 331 2597 ronymus
354 2515 421 2578 eius
443 2514 577 2578 testibus
601 2513 852 2576 adnumerandus
876 2516 942 2591 est,
967 2512 1083 2595 quippe
1107 2513 1217 2596 quiin
1241 2514 1301 2579 Oa·

130 2619 239 2702 talogo
256 2640 281 2681 c.
300 2620 315 2681 Ι
341 2620 424 2682 inter
447 2619 619 2702 scripturas
644 2617 840 2701 apocryphas
856 2616 951 2680 Petro
967 2616 1110 2698 apostolo
1127 2618 1316 2701 adscriptas<

129 2722 247 2786 librum
276 2727 499 2787 commemoret
530 2722 686 2787 Iudicium
720 2726 876 2786 vocatum.
923 2721 1087 2786 Sententia
1118 2726 1223 2784 autem
1247 2723 1300 2787 vix

131 2831 216 2890 recta
239 2833 296 2891 est.
342 2827 499 2891 Libellum
522 2827 614 2890 illum
633 2826 804 2890 Doctrinae
827 2824 1043 2909 apostolorum
1067 2847 1142 2889 sane
1165 2826 1301 2890 similem

129 2930 227 2995 fuisse
252 2931 366 2995 titulus
389 2931 476 3014 prior
499 2929 602 3014 (Duae
626 2931 706 3013 viae)
730 2930 855 3013 probat.
901 2929 1136 2993 Difficillimum
1160 2952 1233 2993 vero
1253 2936 1300 2995 est

133 3034 172 3096 ad
196 3034 455 3119 intellegendum,
479 3033 666 3097 Doctrinam
689 3034 844 3097 Iudicium
867 3033 954 3096 Petri
977 3033 1039 3115 (vel
1055 3034 1224 3096 secundum
1241 3035 1300 3099 Pe-

130 3140 231 3220 trum)
250 3139 452 3219 nominatam
476 3160 552 3217 esse,
575 3160 646 3201 cum
669 3159 782 3201 nomen
806 3137 942 3219 apostoli
964 3159 1021 3200 nec
1037 3137 1133 3201 semel
1151 3137 1184 3200 in
1201 3139 1301 3222 scrip-

130 3245 203 3305 tura
226 3242 318 3306 nobis
342 3246 495 3306 occurrat.
534 3242 699 3325 Scriptura
722 3265 741 3305 a
756 3241 874 3305 Rufino
890 3240 980 3304 Duae
994 3240 1064 3303 viae
1079 3240 1130 3303 vel
1145 3240 1300 3308 Iudicium

130 3345 219 3410 Petri
242 3346 419 3430 appellata,
443 3349 504 3411 nisi
527 3348 610 3412 forte
633 3369 704 3411 cum
727 3347 810 3410 libro
834 3347 942 3429 aliquo
965 3346 1061 3410 tertio
1083 3368 1168 3410 nunc
1190 3348 1301 3432 deper-

132 3451 207 3528 dito,
224 3452 330 3534 potius
346 3473 417 3514 cum
434 3451 615 3516 (lenonibus
632 3451 849 3515 ecclesiasticis
865 3451 972 3515 eadem
987 3451 1133 3514 habenda
1149 3455 1206 3531 est,
1229 3475 1300 3517 cunr

128 3555 181 3619 hic
204 3555 333 3620 libellus
365 3580 474 3621 revera
506 3557 747 3640 descriptionem
776 3557 909 3619 duarum
939 3555 1062 3618 viarum
1086 3557 1247 3621 contineat
1270 3561 1301 3621 et

130 3659 243 3724 Petrus
265 3661 298 3723 in
315 3683 351 3725 eo
374 3684 438 3725 non
452 3663 555 3726 solum
571 3661 695 3744 saepius
713 3683 808 3744 quam
824 3660 938 3742 reliqui
955 3660 1101 3742 apostoli,
1125 3661 1299 3740 sedetiam,

200 3955 226 4021 Ι)
244 3953 327 4023 Gypr.
346 3972 409 4023 opp.
429 3954 472 4008 ed.
491 3953 592 4007 Hartel
612 3954 659 4019 ΙΙΙ,
679 3955 721 4007 96.
773 4002 775 4007 .

198 4041 226 4110 2)
245 4045 345 4112 Διδαχὴ
364 4061 388 4096 τ.
407 4046 429 4096 δ.
449 4039 615 4097 ἀποστόλων
633 4046 689 4096 cel.
707 4038 757 4096 κδ’.

200 4127 227 4192 3)
245 4127 300 4182 Die
318 4127 405 4183 Lelure
423 4128 469 4182 der
487 4128 569 4195 awritf
581 4128 691 4196 Apostcl
709 4146 735 4196 p.
755 4128 786 4180 21
808 4144 846 4195 sq.

199 4216 226 4281 4)
248 4213 302 4269 rue
322 4215 453 4285 Teacbiap
472 4235 498 4285 p.
519 4215 577 4269 117.
616 4214 831 4278 Animadverte,
857 4213 930 4282 quod
950 4213 1065 4268 titulum
1091 4212 1226 4267 altufino
1243 4215 1300 4268 tra-

128 4300 219 4355 ditum
238 4301 296 4355 iam
314 4302 500 4370 Krawntzcky
519 4302 673 4372 scripturae
693 4319 710 4356 a
728 4318 756 4356 se
774 4301 918 4371 quaesitae
939 4299 1082 4365 attribuit,
1119 4299 1159 4353 Cf.
1179 4319 1204 4368 p.
1217 4300 1264 4353 ΙΙΙ.
