2924 4876
314 335 537 394 SANOTORUM
556 336 821 395 APOSTOLORUM
839 338 900 406 VH,
921 342 962 405 12,
980 341 1075 407 4-18,
1095 345 1121 399 2.
1258 347 1300 410 85

126 498 243 578 etipse
265 500 430 579 invocabit,
455 504 482 564 ct
504 519 568 562 noa
590 500 664 578 orat,
688 501 744 582 qut
766 501 916 565 exaudiat
937 523 1016 567 eum.
1062 504 1091 569 4.
1116 501 1300 569 Communi·

125 602 213 668 cabis
229 605 336 669 omnia
352 627 422 670 cum
439 604 540 669 fratre
556 609 622 684 tuo,
644 607 675 668 et
690 627 755 669 non
771 606 854 670 dices
869 607 999 691 propria
1014 631 1099 687 esse;
1123 610 1299 674 communis

128 707 212 771 enim
244 709 448 793 participatio
472 733 491 774 a
513 709 581 775 Deo
613 711 761 775 omnibus
791 710 975 776 hominibus
1005 717 1195 798 praeparata
1226 714 1299 779 fuit.

128 811 159 874 5.
181 810 256 878 Non
281 813 375 879 tolles
397 837 528 880 manum
550 818 640 878 tuam
669 815 778 880 afih'o
801 819 857 880 tuo
890 821 947 880 aut
969 841 988 882 a
1010 817 1077 882 filia
1099 821 1173 896 tua,
1204 820 1301 883 seda

127 915 294 984 iuventute
317 920 392 984 doce
415 942 467 985 eos
490 919 638 983 timorem
659 918 730 982 Dei.
779 918 906 1003 Gostipa
928 922 1029 1002 enim,
1052 921 1176 1006 inquit,
1198 922 1301 1000 attium
1325 950 1338 988 s

126 1027 235 1102 tuam,
257 1026 303 1088 sic
324 1026 406 1090 caim
428 1026 486 1090 erit
507 1025 564 1088 tibi
587 1025 682 1090 bonae
703 1025 779 1106 spei.

214 1127 302 1195 XIII.
341 1128 438 1194 Servo
462 1133 518 1194 tuo
542 1134 598 1195 aut
621 1131 770 1211 ancillae,
803 1131 836 1195 in
860 1133 1004 1197 eumdem
1025 1131 1130 1198 Deum
1151 1133 1301 1197 fiduciam

127 1231 330 1313 habentibus,
353 1256 417 1298 non
439 1234 611 1318 imperabis
635 1236 669 1299 in
690 1236 903 1301 amaritudine
926 1238 1060 1316 animae,
1082 1259 1123 1302 ne
1145 1237 1228 1302 forte
1250 1239 1300 1301 in-

127 1336 305 1422 gemiscant
328 1338 477 1402 adversus
500 1343 541 1419 te,
566 1343 598 1403 et
620 1340 681 1404 tibi
703 1341 752 1404 ira
775 1363 794 1404 a
816 1339 883 1404 Deo
906 1341 1077 1406 incumbet.
1123 1342 1152 1406 2.
1177 1341 1222 1406 Et
1244 1365 1300 1406 vos

127 1441 227 1520 servi,
250 1441 386 1506 dominis
414 1443 527 1508 vestris
550 1449 715 1529 tamquam
737 1444 841 1510 Deum
864 1447 1176 1530 repraesentantibus
1200 1451 1300 1511 estote
1314 1477 1339 1512 10

127 1545 263 1611 subiecti
285 1547 319 1610 in
341 1549 517 1613 reverentia
540 1553 573 1615 et
595 1553 691 1626 metu,
714 1552 795 1615 sicut
814 1550 953 1616 Domino
977 1557 1005 1616 ct
1026 1572 1090 1615 ooa
1111 1551 1298 1616 bominibus.

214 1650 302 1718 XIV.
341 1652 421 1719 Odio
451 1655 584 1719 habebis
612 1677 736 1720 omnem
761 1656 971 1741 hypocrisim,
1003 1660 1035 1721 et
1058 1657 1211 1743 quidquid
1233 1655 1300 1721 Do-

126 1760 216 1825 mino
239 1759 336 1824 fuerit
358 1760 530 1845 placItum,
557 1760 663 1826 facies.
710 1763 739 1825 2.
767 1760 817 1825 Ne
840 1762 963 1826 deseras
987 1762 1137 1825 mandata
1159 1760 1299 1842 DominI,

126 1866 268 1930 servabis
292 1871 409 1946 autem,
433 1889 514 1951 quae
534 1867 683 1950 accepisti
699 1867 740 1931 ab
756 1889 803 1946 eo,
827 1889 928 1951 neque
944 1868 1061 1932 addens
1076 1868 1110 1931 in
1127 1867 1182 1946 eis,
1197 1890 1299 1952 neque

127 1971 296 2037 detrahens
320 1973 360 2037 ab
384 1972 437 2036 eia.
484 1972 558 2037 Noa
583 1972 675 2036 addis
697 1971 782 2035 enim
803 1972 903 2036 uerbis
924 1972 1030 2050 tutos,
1062 1993 1100 2036 ao
1129 1977 1244 2055 orpuat
1272 1978 1300 2038 tc
1314 1999 1339 2036 15

126 2081 154 2139 et
175 2076 311 2140 mendoso
327 2077 401 2160 flos.
447 2079 476 2143 3.
502 2077 710 2142 Confiteberis
732 2077 870 2141 Domino
893 2077 961 2142 Deo
990 2080 1046 2141 tuo
1077 2082 1205 2160 peccata
1233 2082 1299 2156 tua,

126 2184 158 2244 et
181 2203 246 2245 non
269 2183 405 2266 amplius
428 2184 544 2248 adicies
567 2184 606 2247 ad
629 2206 683 2262 ea,
714 2189 749 2247 at
780 2184 852 2248 boae
879 2183 921 2246 so
943 2183 999 2246 tibi
1029 2182 1209 2247 aDomino
1232 2181 1300 2247 Deo

125 2291 192 2366 tuo,
216 2287 271 2372 qui
293 2310 358 2352 non
380 2289 451 2354 vult
473 2294 609 2354 mortem
630 2288 815 2372 peccatoris,
840 2288 893 2351 sed
918 2287 1156 2371 paenItentiam.

214 2390 286 2458 XV.
323 2394 453 2460 Patrem
484 2399 573 2457 taam
604 2398 630 2458 ot
659 2398 791 2457 matram
813 2393 891 2457 cotos
921 2395 1086 2476 tamquam
1118 2392 1179 2457 tibi
1211 2396 1300 2457 ortus

127 2500 281 2578 auctores,
306 2505 342 2563 at
360 2500 422 2581 fios
445 2500 610 2582 bapaemu
632 2519 728 2580 super
750 2503 881 2576 terrum,
910 2518 1005 2579 qaam
1028 2496 1187 2562 Dominus
1209 2496 1300 2561 Deus
1314 2527 1339 2563 a

126 2607 200 2667 taus
222 2603 277 2668 dot
298 2604 362 2670 tibi.
411 2607 440 2668 2.
462 2603 592 2668 Fratres
614 2607 687 2667 tuos
722 2605 753 2668 et
785 2607 939 2686 cognatos
963 2607 1035 2667 tuos
1064 2624 1103 2667 ne
1126 2601 1297 2686 despicias;

125 2707 305 2773 domesticos
326 2708 411 2773 enim
433 2709 562 2775 seminis
584 2710 631 2773 tat
652 2730 690 2773 ao
713 2708 897 2789 despexeris.

216 2811 302 2879 XVI.
342 2811 462 2899 Regem
485 2814 652 2893 vereberis,
679 2814 780 2878 sciens
803 2835 822 2877 a
845 2813 984 2879 Domino
1007 2836 1073 2879 esse
1096 2814 1297 2890 electionem

126 2917 336 3003 magistratus
359 2918 425 2983 eins
448 2919 621 2985 honorabis
636 2923 673 2983 ut
688 2919 851 2983 ministros
867 2917 945 2995 Dei;
969 2919 1108 2983 vindices
1123 2918 1208 2983 enim
1224 2923 1300 2982 sunt

126 3023 229 3089 omnis
252 3023 404 3101 iniuriae3
428 3024 544 3109 quibus
567 3028 661 3108 grato
677 3024 784 3089 animo
800 3024 952 3088 exsolvite
968 3024 1115 3108 vectigal,
1140 3023 1299 3088 tributum
1314 3049 1339 3086 a

126 3151 315 3214 omnemque
338 3129 550 3194 collationem.

214 3234 318 3301 XVII.
356 3235 431 3300 Non
454 3235 581 3300 accedas
604 3236 643 3298 ad
666 3232 879 3317 precationem
900 3236 990 3295 tuam
1012 3233 1047 3296 in
1071 3232 1121 3297 die
1144 3232 1299 3316 improbi-

125 3343 204 3407 tatis
226 3345 309 3421 tuae,
333 3342 518 3426 priusquam
534 3340 779 3409 amaritudinem
795 3341 884 3402 tuam
900 3338 1047 3422 deponas.
1095 3339 1125 3403 2.
1150 3338 1236 3403 Haec
1252 3342 1300 3404 est

126 3448 179 3512 via
201 3448 296 3527 vitae,
319 3448 405 3513 intra
428 3470 524 3532 quam
547 3468 603 3510 vos
625 3445 750 3509 utinam
772 3444 979 3509 inveniamini
1002 3467 1059 3529 per
1081 3444 1187 3509 lesum
1207 3443 1300 3508 Chri-

125 3559 212 3619 stum
233 3553 407 3617 Dominum
429 3557 584 3618 nostrum.
1314 3574 1339 3611 so

215 3657 335 3726 XVIII.
377 3657 437 3724 Via
467 3662 574 3724 autem
604 3658 717 3723 mortis
744 3659 777 3721 in
804 3657 911 3742 pravis
941 3654 1120 3719 actionibus
1143 3654 1300 3731 cernitur3

127 3767 157 3830 2.
180 3766 215 3829 in
227 3788 264 3831 ea
279 3767 364 3830 enim
386 3768 434 3830 est
449 3766 610 3850 ignoratio
626 3764 685 3830 Dei
708 3767 740 3828 et
755 3763 951 3827 introductio
967 3761 1142 3825 multorum
1159 3760 1298 3837 deorum,

128 3894 185 3956 per
207 3893 286 3956 quos
309 3872 436 3950 caedes,
470 3871 644 3950 adulteria,
674 3869 899 3947 scortationes,
932 3865 1087 3952 periuria,
1111 3864 1300 3947 cupiditates

126 4041 158 4102 εὖ
175 4064 220 4102 σοι
238 4045 275 4119 p]
294 4044 374 4099 Dent.
396 4045 418 4107 4,
438 4045 484 4108 4ος
510 4049 534 4108 5,
555 4047 595 4100 16.
613 4074 649 4083 -
667 4041 700 4100 ob
762 4045 786 4097 2.
814 4042 879 4110 τοὺς
897 4039 1024 4109 οἰκείους]
1042 4037 1091 4092 les·
1112 4038 1153 4101 58,
1174 4038 1197 4091 7·

125 4131 265 4205 βούλεται]
287 4133 327 4188 cf.
352 4133 443 4186 Erech.
465 4133 506 4198 18,
523 4134 564 4188 23.
585 4134 632 4196 32;
657 4133 699 4193 33,
762 4130 834 4185 XVI.
864 4130 905 4184 Of.
924 4129 1002 4181 Rom.
1025 4129 1063 4189 13,
1086 4127 1159 4178 1-7,

131 4221 169 4274 ll.
198 4219 224 4273 II
242 4219 315 4274 Petr.
335 4223 360 4287 3,
379 4221 404 4275 9.
762 4218 863 4279 XVIII,
883 4219 907 4271 2.
927 4226 967 4270 31.
987 4213 1129 4284 ἐπιθυμίαι
1142 4213 1300 4289 παράνομοι

159 4307 220 4374 XV,
241 4311 263 4361 l.
292 4309 343 4365 τὸν
359 4308 476 4383 πατέρα]
498 4308 582 4363 Exod.
602 4310 644 4371 20,
659 4308 699 4361 12.
728 4306 841 4361 exhibet
860 4305 939 4359 Pitra
958 4306 1025 4358 ante
1042 4311 1176 4377 πορνεῖαι.
