2918 4890
361 327 551 384 DUODEGIM
566 327 831 384 APOSTOLORUM
850 329 884 394 Π,
903 330 981 386 2-7.
1216 329 1254 394 11

80 491 275 571 concupisces
298 511 376 572 ηααο
397 494 471 554 suat
488 490 632 570 proxim
646 491 701 554 tui.
747 492 777 554 3.
801 489 876 553 Nou
892 489 1083 570 periurabis,
1107 509 1171 552 αοπ
1186 490 1257 572 fol-

80 616 153 659 sum
175 596 384 660 testimouium
415 594 521 672 dab-is,
554 616 618 658 non
650 595 831 673 maledices,
863 593 998 657 iniuriae
1026 596 1171 677 acceptae
1193 615 1258 656 non

80 701 306 765 recordaberis,
362 701 392 764 4.
423 697 497 764 Non
530 700 591 764 eris
623 700 757 783 duplicis
790 698 966 763 sententiae
997 721 1054 762 neo
1085 697 1257 782 bilinguis3

80 805 213 889 laqueus
236 806 320 870 enim
343 803 455 869 mortis
479 804 592 888 lingua
613 805 739 888 duplex.
785 801 860 868 Non
883 804 944 867 erit
960 825 1062 867 sermo
1078 807 1152 866 tuus
1168 824 1257 866 men-

82 910 145 973 dax
167 932 269 994 nequo
291 910 405 988 inanis,
427 910 480 973 sed
503 910 640 993 repletus
657 932 759 993 opere.
807 910 835 974 6.
860 907 934 974 Non
950 910 1011 973 eris
1027 932 1141 973 avarus
1156 929 1282 991 nequeo

81 1038 182 1099 rapax
194 1038 295 1100 neque
303 1015 471 1100 hypocrita
483 1037 585 1099 neque
595 1017 755 1100 malignus
767 1038 868 1100 neque
883 1015 1037 1099 superbus
1048 1039 1055 1092 ;
1072 1035 1136 1077 non
1151 1013 1254 1097 capies

82 1121 203 1184 malum
216 1120 383 1185 consilium
395 1121 544 1184 adversus
560 1121 740 1204 proximum
754 1126 856 1185 tuum.
892 1121 921 1183 7.
939 1118 1013 1185 Non
1030 1119 1132 1184 oderis
1148 1140 1258 1202 quem-

82 1248 189 1309 quam,
213 1226 267 1291 sed
289 1226 368 1290 alios
391 1247 515 1310 argues,
540 1226 690 1310 [aliorum
712 1223 932 1312 misereberisl,
956 1248 1014 1309 pro
1041 1224 1112 1289 aliis
1139 1223 1255 1300 orabiS,

82 1331 163 1396 alios
186 1330 307 1395 amabis
330 1331 401 1415 plus
424 1353 520 1415 quam
544 1331 683 1396 animam
705 1335 804 1396 tuam.

83 1591 143 1630 esse
161 1573 320 1630 videbatur.
339 1607 372 1616 -—
396 1577 532 1649 γεννηθὲν
550 1576 658 1646 duom]
687 1578 711 1629 2.
739 1575 800 1644 Igu.
821 1575 890 1644 Eph.
911 1576 951 1639 15,
972 1577 995 1640 1,
1014 1575 1040 1627 2.

84 1661 126 1716 Cf·
146 1660 210 1730 Sap·
224 1662 264 1725 12,
279 1665 303 1717 5·
323 1695 352 1702 -
373 1663 424 1720 οὐκ
437 1663 616 1738 ἐπιθυμήσεις
634 1683 658 1721 τ.
722 1667 745 1718 6.
773 1663 941 1734 πλεονέκτης
954 1703 961 1717 .
974 1703 981 1717 .
995 1704 1001 1717 .
1013 1657 1116 1735 ἅρπαξ]
1135 1659 1260 1728 Utraque

19 1776 24 1783 ·
82 1749 439 1818 c.a1.]Hocmandatum
454 1753 660 1816 Matth.19,18
687 1769 740 1806 vox
764 1751 848 1805 simul
872 1751 977 1819 legitur
1002 1749 1094 1804 1001.
1113 1753 1143 1812 5,
1166 1748 1258 1802 10.11

84 1855 142 1892 non
168 1837 286 1906 legitur;
315 1839 351 1893 ab
376 1842 490 1895 auctore
514 1859 546 1896 ex
574 1839 660 1895 Exod.
687 1841 715 1894 et
734 1843 762 1902 6,
785 1842 824 1892 ll.
857 1839 972 1893 Illlem.
998 1841 1081 1902 35,5
1106 1838 1259 1904 πλεονεξία,

84 1927 127 1988 20,
149 1926 181 1978 17
201 1924 246 1978 vel
265 1925 345 1980 Deut.
366 1931 389 1990 5,
411 1928 440 1980 21
463 1928 601 1983 adiectum
618 1929 661 1981 est
686 1932 848 1998 κακοήθεια,
860 1924 1033 2000 ὑπερηφανία
1048 1924 1260 1980 unanominan·

84 2011 665 2088 etverbaS.Scripturaeabbreviatasunt,
687 2019 742 2069 tur.

123 2103 147 2154 3.
177 2098 227 2156 οὐκ
238 2097 418 2174 ἐπιορκήσεις]
439 2101 532 2156 Verba
549 2105 662 2157 exstant
741 2107 763 2160 7.
785 2114 808 2157 8.
837 2101 885 2170 οὓς
909 2103 938 2160 δὲ
963 2101 1081 2175 ἐλεήσας
1106 2118 1127 2155 o.
1157 2099 1262 2154 Canon.

86 2188 191 2242 Matth.
212 2191 235 2247 5,
256 2189 301 2251 33;
322 2188 462 2242 sententia
475 2189 561 2243 Exod.
575 2191 617 2251 20,
629 2191 661 2252 7;
688 2193 781 2248 eccles.
792 2209 799 2242 :
810 2210 854 2247 om
868 2191 918 2246 cod
939 2221 968 2229 -
990 2188 1119 2262 ἐλέγξας]
1141 2187 1262 2250 (11.4,31

85 2273 177 2329 Levit.
198 2275 238 2335 19,
260 2276 300 2327 12.
329 2274 408 2331 Dent.
429 2278 508 2336 5,11.
537 2275 661 2330 Periurio
692 2283 730 2342 15,
742 2284 766 2335 3.
786 2311 816 2318 -—
838 2275 886 2346 οὓς
904 2275 1074 2347 οὲαεησεις]
1094 2274 1262 2329 0111113,

84 2365 140 2428 3,7
161 2362 338 2432 blasphemia
356 2362 521 2430 respondere
541 2363 661 2417 videtur.
687 2371 733 2424 καὶ
751 2364 799 2434 οὓς
816 2366 868 2436 μὲν
887 2364 996 2422 ἐλεεῖτε,
1035 2362 1128 2417 Verba
1146 2362 1176 2417 in
1194 2362 1263 2417 D00.

86 2481 118 2491 -
146 2439 353 2523 κακολογήσας]
383 2450 423 2504 of.
446 2449 527 2504 Prov.
554 2453 600 2512 20,
620 2451 662 2504 20.
688 2456 766 2508 trina
784 2453 974 2522 apostolorum
993 2467 1042 2519 per
1055 2451 1165 2517 lapsum
1178 2448 1263 2502 libra·

86 2538 295 2601 1111111522.
322 2569 354 2576 -
381 2539 600 2610 μνησικακήσας]
621 2535 661 2590 Cf·
689 2542 724 2595 rii
742 2541 874 2596 excidisse
887 2539 1027 2592 videntur.
1065 2535 1178 2605 Optime
1196 2551 1263 2590 sane

87 2623 172 2679 Barn-
192 2625 215 2687 2,
235 2626 251 2677 8
270 2626 361 2692 (Zassh-
382 2625 405 2688 8,
427 2626 477 2694 17).
508 2624 618 2678 lOlem.
637 2625 662 2687 2,
688 2630 718 2684 in
729 2631 819 2694 locum
829 2626 981 2696 quadrant,
992 2639 1042 2677 neo
1052 2625 1095 2677 est
1106 2621 1263 2686 verisimile,

87 2714 118 2774 53
143 2712 185 2774 62,
205 2713 229 2766 2·
257 2712 378 2766 Testam·
398 2712 551 2781 patriarch·
572 2711 617 2774 VI,
637 2711 660 2765 8.
690 2716 901 2784 compilatorem
912 2711 1263 2768 Canonumecclesiastioo·

122 2803 146 2851 4.
179 2801 341 2872 δίγλωσσος]
360 2800 602 2865 cf.Pr0v.11‚13.
624 2797 663 2852 Si·
689 2823 752 2857 rum
771 2821 804 2858 ea
823 2804 857 2857 de
870 2821 918 2858 suo
934 2801 965 2854 in
982 2803 1070 2862 textu,
1089 2816 1171 2868 quem
1184 2801 1263 2852 tran·

88 2889 155 2942 rach
180 2891 210 2952 5,
230 2890 254 2942 9.
275 2890 321 2953 14,
352 2891 381 2952 6,
406 2894 430 2953 l;
458 2889 568 2952 28,13.
602 2887 664 2942 Vox
691 2892 810 2960 scripsit,
828 2889 985 2945 inseruisse.
1021 2887 1091 2942 (lum
1106 2888 1202 2940 autem
1220 2903 1263 2940 res

88 2974 236 3048 ὄιγνώμων
253 2974 283 3028 in
296 2974 323 3028 S·
336 2973 481 3044 Scriptura
493 2992 548 3029 non
561 2977 662 3030 exstat.
690 2997 746 3034 non
765 2981 849 3047 plane
877 2979 953 3032 certa
972 2976 1022 3040 sit,
1047 2975 1133 3028 verba
1155 2973 1264 3027 uncinis

88 3093 123 3104 —
140 3066 224 3134 παγὶς
238 3104 259 3116 ..
276 3061 412 3132 θανάτου]
422 3061 515 3116 Habes
524 3063 593 3116 haec
605 3079 663 3116 ver·
689 3066 796 3120 inclusi.
813 3067 918 3121 Auctor
925 3062 1163 3119 Constitutionum
1174 3066 1264 3132 apost.

89 3152 127 3206 ba
145 3150 225 3205 Prov,
248 3152 290 3213 14,
311 3152 358 3215 21,
383 3152 430 3213 21,
449 3153 474 3205 6.
515 3150 664 3204 Praeterea
692 3155 752 3218 Vll,
772 3159 786 3206 5
812 3153 848 3206 ad
871 3152 987 3206 dubium
1009 3150 1173 3207 solvendum
1191 3149 1264 3204 nihil

91 3257 121 3294 os
138 3238 290 3308 impiorum
322 3238 366 3292 vel
388 3237 465 3291 labia
486 3240 663 3306 peccatorum
691 3243 806 3306 confert,
825 3241 892 3310 quia
911 3239 994 3293 valde
1008 3238 1152 3293 aberravit
1170 3240 1198 3292 et
1216 3256 1265 3307 po-

90 3331 174 3400 παγίς
183 3327 365 3396 appellantur
375 3325 455 3381 Prov.
470 3327 508 3388 11,
518 3327 534 3379 9
540 3346 547 3388 ;
570 3325 663 3387 12,13;
690 3330 747 3382 tius
766 3328 831 3382 Lev.
847 3329 930 3391 19,17
950 3345 1035 3396 quam
1046 3326 1208 3382 Doctrinam
1219 3344 1265 3381 ex·

92 3415 190 3470 Sirach
209 3418 249 3478 51,
270 3417 294 3468 2.
324 3413 615 3469 Pseudo-Athanasius
634 3413 665 3465 in
690 3415 807 3485 scripsit.
826 3445 862 3455 -
879 3411 928 3481 οὓς
945 3413 975 3471 a
993 3414 1037 3487 ἀγ.
1055 3411 1125 3489 ὑπὲρ
1139 3434 1162 3469 τ.
1176 3417 1267 3485 ψυχήν

91 3503 239 3572 Syntagm.
260 3502 404 3558 doctrinae
425 3518 447 3555 c.
466 3502 482 3554 2
501 3503 530 3555 et
547 3501 577 3554 in
597 3501 665 3554 Fide
691 3505 753 3575 σου]
767 3504 872 3560 Auctor
883 3502 973 3571 igitur
985 3520 1041 3557 non
1054 3502 1125 3564 vult,
1144 3500 1266 3554 11101111-

90 3592 217 3646 Nicaena
236 3591 350 3660 (Migne
369 3589 398 3642 P.
411 3587 457 3642 Gr.
477 3592 498 3641 t.
514 3590 547 3642 28
566 3607 591 3658 p.
605 3590 665 3644 839.
693 3592 801 3646 stianus
820 3607 914 3645 omnes
933 3591 1060 3646 homines
1079 3590 1143 3658 plus
1161 3586 1266 3656 diligat

90 3681 170 3748 1639)
191 3677 301 3733 scribit:
322 3677 461 3748 νηστεύων
479 3675 509 3732 δὲ
526 3681 572 3733 καὶ
589 3682 667 3733 πολι·
693 3697 778 3748 quam
787 3679 912 3732 animam
922 3694 1011 3742 suam,
1024 3676 1070 3731 sed
1080 3679 1191 3745 partem
1202 3677 1266 3728 tan·

91 3770 241 3838 τενόμενος
263 3765 496 3836 (κοιταζόμενος),
521 3764 605 3838 βλέπε
628 3768 666 3835 μή
693 3771 763 3830 tum,
783 3767 888 3820 scilicet
907 3766 1009 3820 fratres
1028 3766 1087 3834 pios
1106 3781 1139 3818 ac
1157 3762 1266 3831 probos.

90 3856 280 3930 φασιωθήςή
298 3854 351 3930 γὰρ
370 3857 503 3927 φνσλωσις
514 3855 597 3926 παγίς
609 3850 666 3910 ἐστι
694 3855 784 3923 Supra
799 3856 822 3917 1,
837 3857 861 3918 2,
880 3853 928 3907 ubi
947 3854 982 3908 do
1001 3869 1095 3907 amore
1105 3850 1224 3920 proximi
1236 3849 1265 3902 in

91 3945 301 4019 zoroastros.
589 3980 599 3997 .
694 3935 1265 4005 universumlocutusest,verbisS.Scrip·

128 4039 152 4088 5.
178 4029 513 4103 μεμεστωμένοςπράξα]
532 4029 667 4084 Christia-
694 4033 776 4084 turae
799 4046 864 4081 usus
887 4031 936 4082 est.
983 4024 1126 4079 Barnabas
1150 4023 1267 4094 phrasin

92 4138 145 4173 nus
163 4138 219 4175 non
237 4121 328 4176 solum
346 4120 445 4184 dicore,
465 4117 511 4172 sed
524 4117 612 4172 etiam
625 4118 667 4172 fa·
694 4118 806 4190 ἀγαπᾶν
820 4114 890 4189 ὑπὲρ
904 4119 953 4186 τήν
964 4117 1055 4186 ψυχήν
1072 4115 1116 4165 ter
1128 4111 1267 4176 adhibuit,

92 4225 153 4263 cere
177 4209 269 4264 debet.
306 4208 346 4262 Cf.
372 4207 474 4261 Matth.
494 4207 540 4269 23,
561 4208 586 4262 3.
612 4206 666 4259 Iac.
695 4206 803 4270 sc.1,4;
825 4205 876 4267 4,6
889 4201 1015 4256 etetiam
1031 4201 1071 4264 19,
1087 4203 1111 4263 5,
1129 4199 1176 4252 ubi
1189 4216 1268 4254 man·

94 4299 118 4360 1,
137 4296 179 4353 22.
212 4295 225 4350 I
244 4297 340 4352 Ioann.
359 4297 388 4363 3,
409 4298 450 4351 18.
487 4295 500 4348 1
519 4293 605 4349 Clam.
624 4275 796 4364 38,](11111111
815 4289 917 4346 amoris
936 4288 1055 4358 proximi
1074 4287 1210 4343 definivit.
