2918 4890
381 379 567 435 DOCTRINA
585 378 773 435 DUODEOIM
791 378 1063 436 APOSTOLORUM.
1261 381 1310 448 ΙΙΙ

132 539 250 602 lectam
273 544 305 603 et
328 540 368 603 ad
392 538 632 604 catechumenos
656 541 842 604 erudiendos
865 540 1043 604 adhibitam
1066 544 1161 624 atque
1177 541 1216 604 ab
1234 563 1308 603 auc-

133 648 204 707 tore
226 642 314 707 Duas
338 644 405 707 uias
429 644 478 708 vel
501 642 657 707 Iudicium
673 643 761 707 Petri
777 643 971 726 appellatam
987 666 1065 722 esse,
1088 648 1125 707 ut
1142 645 1308 708 Barnabae

134 747 258 810 nomini
280 769 396 811 nomen
419 748 548 811 maioris
565 747 764 811 auctoritatis
781 750 1012 830 opponeretur3
1037 748 1071 830 3)
1084 771 1122 810 ex
1133 749 1193 811 hac
1209 750 1308 831 scrip-

134 856 207 915 tura
239 852 363 914 saeculo
387 856 501 934 quarto
533 852 661 914 ineunte
685 850 828 913 adhibita
852 849 1017 913 Barnabae
1040 852 1175 933 epistula
1198 875 1307 935 quem·

135 956 207 1019 dam
229 957 264 1019 in
281 954 430 1039 Aegypto
453 955 504 1019 vel
518 955 552 1017 in
568 953 660 1038 Syria
682 954 826 1018 libellum
842 954 1006 1018 Oanonum
1027 952 1307 1019 ecclesiasticorum

136 1060 183 1123 vel
214 1060 322 1144 potius
352 1059 418 1123 eius
445 1063 569 1142 partem
598 1060 736 1142 priorem
769 1058 938 1122 confecisse
969 1058 1110 1142 singulas
1134 1060 1306 1124 sententias

136 1165 289 1248 apostolis
313 1165 447 1249 singulis
472 1164 716 1240 attribuentem3
741 1163 838 1227 simili
860 1164 954 1226 modo
974 1164 1106 1227 eundem
1122 1165 1307 1247 scriptorem

136 1271 285 1356 ignotum
308 1292 442 1334 canones
466 1269 614 1353 antiquos
637 1269 671 1332 in
685 1292 778 1332 usum
794 1292 886 1332 suum
901 1268 1092 1332 convertisse
1108 1290 1222 1351 eosque
1237 1291 1306 1332 sen-

137 1376 246 1440 tentiis
264 1374 376 1439 ethicis
392 1380 546 1458 tanquam
561 1374 695 1437 alteram
710 1373 811 1437 libelli
826 1377 949 1456 partem
965 1372 1131 1448 adiecisse3
1156 1372 1190 1453 4)
1208 1373 1307 1454 scrip-

136 1484 206 1543 tura
229 1480 327 1543 etiam
347 1483 507 1542 auctorem
523 1479 598 1541 libri
612 1476 677 1541 VH
693 1478 966 1542 Constitutionum
983 1477 1199 1559 apostolorum
1214 1498 1306 1538 usum

140 1607 215 1663 esse,
239 1584 295 1668 qui
317 1584 441 1648 saeculo
465 1584 561 1647 tertio
578 1587 711 1646 exeunte
726 1582 760 1644 in
776 1581 868 1665 Syria
883 1581 1022 1645 uixisset.
1063 1578 1207 1663 Denique
1223 1580 1307 1644 Kra-

138 1690 283 1772 wutzcky
306 1690 496 1772 scripturam
515 1687 602 1750 illam
621 1710 659 1751 ex
675 1687 796 1751 duobus
813 1686 939 1763 libellis,
963 1685 1017 1766 qui
1034 1707 1071 1746 ex
1087 1706 1123 1747 ea
1138 1684 1306 1773 fluxerant,

137 1798 227 1858 etex
251 1792 418 1856 Barnabae
441 1793 586 1875 epistula,
610 1815 626 1856 e
650 1815 712 1876 qua
733 1792 803 1874 ipsa
827 1794 957 1854 exarata
974 1810 1040 1852 esse
1055 1788 1233 1867 videbatur,
1257 1812 1306 1852 re-

137 1900 268 1963 stituere
291 1903 422 1961 conatus
445 1897 540 1980 est¹).

704 2085 739 2138 ΙΙ.

224 2208 304 2272 Cum
327 2209 404 2272 haec
428 2208 608 2271 dissertatio
623 2207 827 2290 sagacissima
842 2208 1040 2287 scriberetur,
1064 2208 1160 2271 codex
1175 2209 1239 2271 iam
1255 2210 1306 2271 in-

139 2318 252 2377 ventus
276 2318 362 2392 erat,
395 2314 515 2396 inquo
545 2313 619 2375 talis
643 2311 709 2375 fere
732 2312 888 2395 scriptura
910 2312 1044 2395 legitur,
1075 2312 1202 2395 qualem
1224 2313 1305 2376 Kra-

138 2419 283 2501 wutzcky
314 2417 495 2500 quaerebat.
540 2416 635 2480 Anno
666 2417 749 2480 enim
781 2418 865 2481 1873
896 2417 1083 2480 Philotheus
1115 2418 1305 2501 Bryennius⁷

136 2527 212 2586 tunc
236 2521 513 2605 Constantinopoli
536 2522 694 2605 professor
717 2521 843 2585 scholae
865 2521 1087 2604 patriarchalis
1110 2522 1249 2600 maioris,
1276 2545 1303 2586 a.

139 2628 222 2691 1875
245 2626 450 2709 metropolita
472 2625 632 2704 Berensis,
666 2648 692 2689 a.
719 2626 801 2688 1877
830 2626 1034 2709 metropolita
1055 2624 1304 2691 Nicomediensis

134 2733 268 2809 electus,
302 2730 375 2794 inde
406 2730 446 2792 ab
470 2751 553 2793 anno
578 2730 660 2793 1877
693 2752 792 2813 usque
815 2731 854 2793 ad
877 2752 997 2794 annum
1021 2732 1105 2796 1884
1129 2731 1305 2794 membrum

133 2836 246 2919 synodi
257 2835 456 2918 patriarchae
467 2834 824 2918 constantinopolitani,
849 2833 1125 2917 Constantinopoli
1142 2836 1175 2896 in
1187 2834 1305 2897 biblio-

133 2941 226 3004 theca
249 2940 434 3002 monasterii
457 2939 679 3021 patriarchalis
705 2939 989 3022 Hierosolymitani
1018 2940 1154 3003 codicem
1186 2939 1305 3001 detexit

134 3045 409 3108 membranaceum
432 3066 515 3106 anno
534 3045 619 3107 1056
635 3068 655 3107 a
669 3044 772 3108 Leone
788 3045 924 3127 quodam
939 3043 1065 3107 notario
1081 3043 1233 3125 scriptum
1254 3042 1304 3104 vel

133 3149 272 3227 finitum,
296 3149 350 3231 qui
366 3147 452 3210 foliis
469 3148 531 3211 120
546 3148 668 3212 formae
684 3152 813 3212 octavae
833 3148 964 3211 minoris
982 3149 1153 3211 secundum
1168 3146 1302 3209 indicem

133 3253 211 3316 haec
234 3252 391 3316 continet:

221 3356 254 3438 1)
282 3354 346 3417 Τοῦ
379 3355 411 3417 ἐν
443 3354 541 3438 ἁγίοις
564 3354 710 3419 Ἰωάννου
740 3363 796 3418 τοῦ
826 3354 1054 3438 Χρυσοοτόμου
1083 3354 1216 3437 Σὺνοψις
1250 3364 1305 3438 τῆς

133 3459 276 3533 Παλαιᾶς
299 3461 353 3522 καὶ
369 3458 489 3544 Καινῆς
504 3459 668 3544 Διαθήκης
684 3461 716 3523 ἐν
732 3460 816 3538 τάξει
832 3467 1062 3544 υπομνηστικοῠ
1087 3458 1153 3544 (fol.
1174 3460 1305 3542 1-32)‚

132 3565 164 3628 h.
189 3587 215 3628 e.
240 3566 409 3628 secundum
432 3565 578 3644 indicem,
601 3589 710 3630 revera
733 3568 829 3631 codex
853 3565 1011 3649 Synopsin
1028 3565 1152 3629 Veteris
1175 3568 1302 3626 tantum

133 3668 329 3733 Testamenti
352 3670 480 3734 exhibet
502 3692 602 3753 usque
625 3671 665 3733 ad
687 3669 880 3734 Malachiam
902 3668 1109 3752 prophetam;

220 3774 253 3857 2)
277 3771 427 3859 Βαρνάβα
451 3773 598 3858 ἐπιστολή
623 3775 690 3858 (fol.
715 3774 889 3858 33—5111);

221 3880 255 3959 3)
278 3876 460 3961 Κλήμεντος
493 3880 571 3961 πρὸς
598 3877 786 3961 Κορινθίους
809 3876 837 3940 α’
868 3878 936 3961 (fol.
959 3876 1014 3939 51¹³
1030 3877 1109 3941 med.
1129 3915 1148 3919 -—
1175 3875 1304 3939 f01.70²¹

132 3983 248 4066 med.);

204 4137 229 4206 l)
248 4101 393 4208 Scriptura
410 4138 544 4192 restituta
563 4140 656 4192 exstat
674 4139 693 4190 l.
715 4154 736 4190 ο.
762 4156 788 4207 p.
808 4137 938 4190 423-45.
973 4133 1091 4204 Anglice
1110 4150 1220 4187 versam
1240 4150 1301 4186 eam

131 4223 304 4293 repetierunt
324 4224 475 4279 Hitchcock
493 4228 522 4280 et
540 4225 649 4289 Brown,
672 4226 727 4278 The
749 4226 880 4292 Teacln'ap
898 4225 931 4290 of
947 4223 988 4275 the
1009 4221 1105 4287 Twclfe
1119 4221 1242 4288 Apostles
1259 4222 1302 4273 ed.

131 4310 159 4364 ΙΙ
180 4310 247 4365 1885
265 4329 292 4379 p.
312 4309 556 4365 LXIX—LXXIV.

1048 4400 1094 4460 a*
