2918 4890
381 304 568 359 DOCTRINA
587 305 776 367 DUODECIM
795 305 1067 361 APOSTOLORUM.
1220 312 1312 377 XXV

227 463 256 526 A
271 464 317 527 th
331 487 349 528 a
361 487 438 533 nas
450 465 517 528 ius
540 465 668 548 quidem
692 464 828 528 fortasse
850 486 914 528 non
930 466 968 530 de
983 467 1140 550 scriptura
1155 473 1234 549 tota,
1258 470 1312 534 sed

136 571 175 634 de
191 573 283 653 parte
306 573 432 633 tantum
448 571 572 634 locutus
588 574 645 649 est,
669 570 856 634 Doctrinam
871 570 1104 636 catechumenis
1120 574 1322 656 praelectam.

135 674 234 738 fuisse
257 674 399 753 tradens,
431 696 501 738 cum
533 696 597 738 non
621 673 777 757 scriptura
801 673 964 753 universa,
1000 677 1053 739 sed
1076 677 1180 760 capita
1202 677 1311 744 I-—VI

136 780 204 844 sola
232 779 271 843 ad
294 779 472 863 proselytos
503 779 715 844 instituendos
747 783 822 861 apta
851 784 963 843 essent.
1009 778 1070 844 Res
1097 803 1172 845 vero
1194 805 1311 867 nequa·

136 907 233 967 quam
256 887 342 949 certa
364 888 421 948 est.
467 883 546 947 Pars
562 907 626 947 una
648 905 773 967 quoque
789 883 974 966 scripturae,
998 885 1090 948 modo
1108 886 1148 950 ad
1163 888 1312 951 catechu-

136 1011 245 1053 menos
278 988 465 1053 erudiendos
498 1011 606 1053 revera
631 988 744 1052 idonea
765 986 844 1067 fuit,
876 988 1018 1074 praelegi
1040 994 1183 1072 poterat,
1211 991 1312 1055 altera

137 1098 243 1158 autem
265 1093 488 1175 praetermitti.
529 1092 675 1157 Ceterum
691 1093 820 1156 minime
836 1093 965 1157 omnino
980 1116 1073 1179 neg0,
1097 1094 1312 1160 Athanasium

138 1198 299 1281 exemplar
322 1198 522 1262 decurtatum
552 1201 625 1261 ante
648 1197 754 1261 oculos
782 1197 940 1262 habuisse.
985 1197 1035 1262 Ob
1058 1221 1150 1263 usum
1173 1222 1311 1265 commo-

138 1304 258 1368 diorem
281 1301 375 1366 facile
397 1302 467 1366 fieri
488 1302 608 1385 potuit,
637 1306 672 1365 ut
695 1301 800 1385 capita
823 1324 877 1366 sex
900 1303 1007 1385 priora
1030 1304 1098 1368 sola
1120 1306 1325 1370 transcribe·'

139 1411 260 1501 rentur.
306 1406 458 1471 Similiter
481 1430 550 1471 eam
573 1406 714 1470 Pastoris
737 1410 860 1491 partem
877 1408 987 1489 solam,
1011 1431 1092 1493 quae
1107 1409 1146 1473 ad
1164 1409 1312 1473 catechu-

71 1586 75 1592 ,
138 1534 246 1583 menos
268 1512 470 1576 instruendos
495 1515 570 1594 apta
593 1515 671 1590 erat,
694 1512 919 1595 transcriptam
936 1535 1001 1577 esse
1024 1514 1096 1578 inde
1112 1513 1202 1598 sequi
1224 1514 1311 1579 vide-

137 1622 200 1697 tur,
225 1617 309 1701 quod
334 1615 527 1680 Athanasius
551 1616 739 1680 Mandatum
761 1615 778 1681 I
799 1617 928 1681 initium
951 1618 1026 1683 libri
1042 1619 1180 1684 Hermae
1204 1619 1312 1703 appel·

138 1723 185 1786 lat
197 1723 233 1806 ¹).
280 1721 447 1786 Praeterea
469 1719 551 1801 Nic
564 1722 646 1804 eph
659 1744 677 1785 o
690 1744 705 1784 r
717 1745 762 1785 us
788 1723 923 1805 probare
945 1724 1087 1803 videtur,
1120 1724 1312 1808 exemplaria

139 1826 292 1891 eiusmodi
315 1827 478 1889 decurtata
501 1830 642 1909 tempore
664 1826 839 1909 posteriore
861 1827 1004 1910 profecto
1027 1829 1211 1893 circumlata
1233 1851 1310 1894 esse.

139 1931 301 1995 Numerus
324 1932 530 1995 ducentorum
554 1931 739 2011 stichorum,
764 1955 843 2016 quos
862 1931 1033 1996 Doctrinae
1056 1932 1213 2012 attribuit,
1237 1956 1313 1998 sane

140 2037 180 2100 ad
203 2036 309 2119 capita
331 2034 450 2116 I—VI,
474 2059 576 2119 neque
600 2059 674 2102 vero
697 2037 736 2100 ad
759 2040 948 2120 scripturam
971 2041 1074 2102 totam
1097 2039 1248 2122 quadrat,
1280 2039 1313 2102 id

139 2142 224 2226 quod
239 2142 299 2218 hoc
315 2142 408 2205 modo
423 2143 600 2225 perspicies.
639 2141 673 2206 si
688 2164 836 2206 numeros
852 2142 1017 2222 linearum,
1035 2165 1113 2226 quas
1128 2144 1162 2206 in
1175 2143 1312 2207 editione
1399 2194 1401 2200 .

139 2246 399 2332 Hilgenfeldiana
422 2249 575 2330 epistulae
598 2247 764 2312 Barnabae
796 2251 828 2312 et
852 2248 1021 2312 Clementis
1046 2248 1209 2327 obtinent,
1240 2269 1312 2311 cum

139 2351 279 2416 numeris
303 2350 478 2414 stichorum
501 2351 672 2436 Nicephori
696 2353 943 2436 comparaveris,
974 2352 1046 2417 illos
1069 2353 1192 2416 circiter
1215 2352 1309 2417 dimi-

140 2456 224 2519 diam
256 2456 371 2520 horum
401 2461 524 2538 partem
555 2479 621 2522 esse
651 2459 883 2523 animadvertes
895 2455 930 2542 ²).
976 2456 1089 2541 Itaque
1119 2458 1146 2521 si
1178 2459 1308 2522 eandem

142 2561 298 2625 rationem
323 2561 356 2624 in
379 2560 533 2625 Doctrina
562 2562 748 2641 statuimus,
781 2562 899 2627 stichos
922 2563 986 2627 480
1015 2566 1194 2646 exspectare
1227 2563 1311 2643 licet,

139 2689 210 2730 cum
244 2655 402 2749 scriptura
434 2667 468 2729 in
502 2666 638 2731 editione
672 2667 932 2752 Hilgenfeldiana
965 2668 1064 2731 lineas
1089 2668 1152 2730 240
1184 2667 1310 2731 habeat.

139 2770 252 2854 Capita
275 2770 445 2834 Doctrinae
468 2793 521 2835 sex
545 2771 652 2853 priora
674 2776 780 2835 autem
803 2772 837 2834 in
853 2773 961 2836 eadem
977 2772 1113 2835 editione
1131 2771 1230 2834 lineas
1249 2772 1310 2835 100

139 2876 303 2953 obtinent,
334 2874 439 2957 capita
462 2871 649 2937 VII-XVI
682 2874 783 2938 lineas
809 2875 903 2953 140,
919 2878 951 2938 et
979 2875 1062 2939 inter
1083 2874 1142 2938 hos
1165 2897 1313 2939 numeros

141 2979 249 3043 eadem
274 2979 356 3041 ratio
373 2977 540 3042 intercedit
563 2982 658 3060 atque
673 2979 757 3042 inter
772 3000 920 3042 numeros
937 2979 1001 3043 200
1018 2983 1050 3043 et
1065 2979 1128 3041 280
1153 2978 1202 3060 (=
1224 2979 1312 3061 480).

140 3085 262 3168 ltaque,
286 3084 313 3147 si
338 3084 465 3167 quidem
481 3084 604 3147 numeri
620 3085 796 3148 stichorum
812 3107 830 3148 a
846 3082 1029 3167 Nicephoro
1045 3083 1314 3148 traditorumfide

140 3189 232 3273 digni
255 3191 340 3267 sunt,
364 3189 418 3252 vix
441 3188 572 3252 dubium
596 3192 653 3268 est,
678 3188 895 3273 Nicephorum
919 3188 956 3251 de
979 3191 1069 3271 parte
1095 3187 1205 3251 uelde
1228 3189 1314 3271 capi·

140 3294 227 3358 tibus
249 3291 358 3357 I-Vl
379 3293 551 3357 Doctrinae
575 3295 715 3358 locutum
739 3317 814 3358 esse.
850 3294 957 3358 Testis
977 3298 1083 3357 autem
1098 3293 1200 3376 partis
1215 3295 1312 3377 scrip-

140 3404 231 3464 turae
262 3392 391 3462 minime
422 3399 486 3462 iam
509 3399 599 3463 testis
623 3400 703 3464 alius
726 3400 916 3464 recensionis
939 3397 1103 3461 habendus
1126 3401 1191 3476 est,
1223 3421 1314 3482 prae·

140 3504 249 3568 sertim
273 3525 344 3566 cum
368 3503 405 3566 de
428 3503 585 3587 scriptura
607 3504 706 3584 dicat,
735 3505 823 3568 cuius
848 3505 948 3568 altera
970 3524 1042 3585 pars
1067 3501 1121 3566 diu
1144 3506 1218 3566 ante
1242 3526 1314 3567 eum

140 3608 273 3687 exstitit,
297 3611 392 3691 atque
416 3607 453 3671 de
476 3629 512 3671 ea
533 3611 633 3691 parte,
658 3631 753 3692 quam
777 3610 817 3673 ab
841 3609 941 3672 altera
961 3610 1141 3690 separatam
1164 3611 1195 3672 et
1211 3607 1312 3672 solam

140 3712 366 3795 transcriptam
388 3733 456 3776 esse
477 3711 666 3775 facillimum
689 3717 737 3777 est
760 3713 934 3777 intellectu,

229 3819 317 3896 Quae
339 3840 410 3882 cum
433 3817 479 3881 ita
502 3817 584 3896 sint,
614 3841 672 3882 nec
695 3819 755 3882 Ru
768 3820 784 3883 f
790 3819 833 3882 in
846 3840 893 3881 us
917 3817 1013 3881 aliam
1036 3816 1223 3900 scripturam
1249 3840 1314 3880 ma·

141 3923 234 3986 nibus
258 3925 411 3986 tractasse
433 3923 594 4005 putandus
618 3928 674 4003 est,
699 3925 726 3988 si
741 3924 938 4002 Doctrinam,
962 3923 1044 4006 quod
1064 3927 1170 3986 autem
1185 3922 1315 3987 minime

214 4081 239 4146 l)
258 4077 298 4130 Cf.
318 4077 442 4144 Larsow,
466 4078 521 4134 Die
539 4078 688 4148 Festbrtrse
711 4079 756 4133 des
783 4079 809 4134 11.
828 4078 997 4132 Athanasius
1024 4094 1074 4132 aas
1097 4077 1155 4132 dem
1173 4077 1315 4149 Syriacum

140 4167 269 4221 0116666161
289 4165 355 4219 1852
374 4184 402 4235 p.
422 4166 481 4221 117.
1309 4201 1310 4204 η

210 4254 236 4318 2)
255 4253 288 4306 Ι11
306 4269 368 4310 mea
386 4251 508 4309 editione
527 4271 657 4309 numerus
676 4255 774 4325 paullo
792 4254 882 4310 maior
900 4255 949 4312 est.
