2918 4890
386 323 571 378 DOCTRINA
590 324 778 379 DUODECIM
795 324 1069 382 APOSTOLOR-UM.
1225 332 1318 398 XVII

136 503 216 558 esse,
241 485 316 545 ante
339 482 445 545 omnia
469 484 690 547 commercium
713 483 914 548 feminarum.
958 486 1080 551 Deinde
1103 488 1318 569 φυλάττεσθαί

135 602 170 646 τε
197 587 240 668 μὴ
272 585 348 647 είναι
380 584 521 668 δίλογον,
556 589 598 670 μὴ
629 586 799 670 δίγνυμον,
833 591 874 672 μὴ
904 589 1037 674 ψεύστην
1062 640 1069 652 .
1094 642 1100 656 .
1125 595 1166 675 μὴ
1191 592 1316 676 αὐθάδη

139 689 194 772 (D.
223 691 253 769 2,
277 691 308 754 4.
334 692 371 767 5;
395 692 426 771 2,
443 693 473 755 3.
490 692 519 754 5.
538 692 581 776 6).
628 692 695 756 Nec
718 699 811 776 turpe
835 694 954 758 dictum
977 694 1070 759 labiis
1094 696 1316 779 proferendum

137 817 208 859 esse
238 818 296 860 nec
324 797 539 860 iuramentum
564 798 729 881 quodlibet
754 802 793 880 (c.
819 799 862 884 l).
908 799 1029 882 Corpus
1059 823 1123 864 non
1155 823 1221 864 esse
1250 801 1316 864 sine

136 901 328 982 necessitate
352 902 555 980 nudandum,
585 926 687 987 neque
715 903 804 968 festis
828 905 997 988 gentilium
1020 906 1316 969 communicandum

137 1027 242 1089 neque
264 1007 399 1071 sabbata
422 1007 641 1071 custodienda:
673 1011 715 1092 μὴ
739 1008 895 1091 μαγεύειν,
920 1011 961 1092 μὴ
986 1009 1215 1091 φαρμακεύειν,
1239 1008 1316 1092 μήτε

137 1108 220 1172 ἄλλο
245 1109 330 1195 (lege
354 1110 465 1194 ἀλλον)
489 1133 538 1174 σοι
561 1119 660 1174 ταῦτα
683 1112 827 1195 πράττειν
852 1113 902 1176 ἐπί
925 1113 1010 1198 νύσιρ
1030 1115 1051 1197 ἢ
1070 1114 1194 1187 πάθους
1218 1113 1315 1197 ἀλγή-

138 1235 232 1296 ματι·
266 1219 308 1301 μὴ
331 1216 531 1300 ἀπέρχεσθαι
560 1220 639 1299 πρὸς
671 1217 835 1300 ἐπαοιδύν,
867 1217 944 1301 μήτε
977 1216 1189 1300 φυλακτήριον
1213 1217 1314 1301 ἑαυτῷ

136 1318 341 1402 περιτιθέναι,
366 1319 443 1403 μήτε
466 1319 712 1403 περικαθαίρειν,
738 1321 815 1404 μήτε
839 1325 898 1406 μὴν
921 1321 1019 1384 ταῦτά
1043 1342 1091 1383 σοι
1106 1331 1213 1402 ποιεῖν,
1238 1321 1315 1404 μήτε

136 1423 201 1485 ὑπὸ
224 1423 325 1486 άλλου
350 1445 398 1487 σοι
421 1424 548 1510 γένηται
571 1425 614 1508 (D
639 1427 668 1504 2,
693 1427 729 1502 2;
761 1429 791 1505 3,
815 1428 858 1510 4).
905 1427 987 1491 Tum
1014 1430 1182 1510 postquam
1206 1432 1316 1490 auctor

137 1528 328 1593 adhortatus
352 1534 410 1608 est,
434 1551 474 1593 ne
498 1531 568 1613 quis
584 1530 716 1595 haberet
736 1531 901 1596 mulierem
917 1531 1190 1596 subintroductam
1213 1553 1314 1614 neque

136 1654 210 1695 cum
235 1633 393 1698 haeretico
417 1633 467 1698 vel
491 1634 605 1718 gentili
628 1640 733 1699 oraret
757 1635 809 1721 (cf.
834 1636 863 1698 D
888 1635 918 1715 3,
943 1637 972 1700 1.
997 1636 1040 1717 2),
1064 1636 1192 1698 uberius
1216 1636 1253 1700 de
1268 1638 1312 1698 ie-

135 1737 228 1800 iunio
250 1741 383 1818 tractat,
411 1740 456 1802 sic
479 1738 649 1822 incipiens:
681 1742 722 1821 μὴ
754 1738 956 1823 παραβαίνειν
986 1739 1145 1822 νηστείαν,
1175 1738 1314 1802 τουτέστι

135 1840 276 1922 τετράδα
299 1843 353 1904 καί
376 1841 580 1925 παρασκευήν
603 1842 646 1923 (D
670 1842 760 1924 8,1),
785 1842 811 1904 εί
834 1841 876 1924 μί]
900 1863 928 1903 τι
951 1841 1001 1904 ἐπί
1024 1841 1107 1926 νύσῳ
1133 1842 1312 1927 βεβάρησαι,

137 1946 238 2028 χωρίς
261 1944 481 2031 Πεντηκοστίγς
510 1955 605 2029 μονῆς
628 1949 682 2009 καί
705 1955 765 2009 τῶν
789 1944 987 2028 Ἐπιφανιῶν.
1033 1946 1154 2010 Deinde
1171 1969 1312 2024 monens

135 2072 179 2113 ne
204 2051 274 2133 quis
297 2055 469 2115 conventus
497 2052 648 2135 neglegat
680 2073 781 2135 neque
811 2051 939 2114 omittat
971 2052 1153 2115 adeuntium
1176 2052 1313 2116 fratrum

136 2155 235 2238 pedes
250 2154 359 2219 lavare
382 2158 421 2238 (c.
433 2157 477 2240 2),
503 2156 596 2219 dicit:
621 2158 662 2239 μὴ
686 2155 772 2237 γίνου
789 2154 990 2237 φιλάργυρος,
1015 2158 1057 2239 μὴ
1073 2155 1312 2238 αἰσχροκερδής,

138 2261 183 2342 μὴ
208 2258 420 2343 φιλοκτίγμιυν,
446 2263 487 2343 μὴ
511 2252 734 2343 φιλόπλουτος·
762 2260 790 2322 οί
811 2263 872 2342 γάρ
896 2268 1029 2323 τοιοῦτοι
1051 2260 1117 2344 θεῷ
1142 2259 1253 2342 ἀρέσαι
1276 2263 1312 2323 οὐ

138 2363 296 2446 δύνανται,
321 2412 327 2426 .
352 2415 360 2429 .
385 2365 494 2448 ἀγάπα
516 2365 619 2427 πάντα
642 2365 821 2448 ἄνθρωπον,
845 2365 900 2426 καί
923 2363 1061 2446 είρήνευε
1085 2367 1163 2447 μετὰ
1179 2364 1314 2442 πάντων,

136 2469 195 2530 καί
220 2465 292 2551 μεθ’
314 2469 356 2530 ὢν
386 2470 446 2531 ούκ
469 2471 562 2554 εὔχῃ,
597 2471 623 2532 εί
647 2469 776 2532 δυνατδν
800 2472 834 2532 rb
858 2470 896 2532 ἐκ
920 2478 993 2551 σοῦ,
1027 2469 1123 2554 χάρις
1146 2468 1312 2551 αἱρέσεως·
1415 2498 1416 2502 ’

135 2573 221 2656 ἔχων
245 2572 280 2634 δὲ
304 2572 470 2656 μεταδίδου
493 2581 536 2657 τῷ
563 2576 604 2657 μὴ
622 2575 724 2657 ἔχοντι
748 2573 791 2659 (Ι)
815 2575 845 2653 3,
862 2575 901 2650 5;
926 2575 956 2652 2,
975 2575 1010 2650 7;
1036 2576 1066 2650 4,
1083 2575 1128 2657 6).
1167 2574 1311 2659 Denique

135 2681 309 2761 postquam
332 2680 369 2742 de
392 2702 488 2742 usura
511 2701 573 2742 non
598 2679 778 2763 accipienda
801 2679 867 2762 egit
892 2680 929 2759 (c.
956 2679 1001 2759 3),
1025 2679 1102 2741 dicit
1124 2700 1149 2741 c.
1167 2679 1201 2740 4:
1226 2678 1311 2760 γίνου

136 2783 284 2856 ταπεινὸς
308 2784 363 2845 καί
385 2782 531 2866 ἡσύχιος,
561 2783 682 2867 τρέμων
716 2785 766 2846 διὰ
795 2785 910 2856 παντὸς
940 2785 979 2844 τὰ
1002 2782 1092 2865 λόγια
1123 2791 1177 2845 τοῦ
1201 2783 1311 2865 κυρίου

135 2888 179 2970 (Ι)
205 2890 234 2966 3,
259 2889 289 2951 8.
313 2888 358 2971 9).
404 2888 492 2953 Haec
518 2891 614 2953 verba
636 2889 750 2952 ultima
773 2893 865 2968 sunt,
894 2910 974 2971 quae
998 2909 1036 2950 ex
1059 2885 1212 2950 Doctrina
1235 2909 1311 2970 apo-

106 2991 110 3002 '
135 2992 292 3056 stolorum
314 2993 414 3076 repeti
436 2996 577 3076 possunt.
618 2994 705 3070 Quae
729 2993 792 3057 ec
815 2996 1006 3076 sequuntur:
1030 3002 1152 3073 πρῶτον
1177 2991 1231 3072 μέν
1254 2993 1310 3064 τάς

136 3097 285 3179 ἀπαρχὰς
308 3105 371 3171 τοῖς
395 3097 507 3179 ίερεῠσι
530 3097 698 3179 πρύσφερε,
722 3098 828 3159 ἔπειτα
851 3095 928 3159 θέλε
951 3098 1005 3158 καί
1021 3096 1123 3179 χήρας
1140 3094 1309 3157 ἀναπαύειν

135 3203 191 3263 καί
214 3201 446 3283 ύρφκνοὺςκαί
469 3201 597 3276 λοιποὺς
628 3204 690 3264 ἀπὸ
714 3202 842 3264 δικαίων
865 3200 984 3282 πύνων,
1017 3200 1123 3264 Doctr.
1150 3201 1200 3279 13,
1225 3200 1310 3263 4-5

137 3307 269 3391 quidem'
286 3307 320 3369 in
343 3309 529 3371 memoriam
551 3312 710 3371 revocant.
756 3307 890 3390 Propius
914 3310 1019 3370 autern
1043 3306 1139 3370 verba
1162 3306 1201 3368 ad
1226 3303 1309 3368 Con-

136 3411 320 3476 stitutiones
345 3413 560 3495 apostolorum
584 3410 658 3491 Vll,
680 3413 721 3475 29
746 3412 907 3489 accedunt,
932 3433 1010 3493 quas
1034 3414 1144 3474 auctor
1167 3410 1311 3493 cognitas

136 3538 169 3579 se
192 3515 342 3580 habuisse
364 3517 460 3580 etiam
485 3539 521 3581 eo
543 3518 675 3599 prodere
699 3516 832 3595 videtur,
857 3517 940 3599 quod
962 3517 1026 3579 cl
1051 3517 1088 3579 de
1109 3515 1231 3597 capillis
1248 3537 1311 3577 non

136 3619 316 3695 nutriendis
333 3620 475 3704 loquitur
493 3625 588 3705 atque
604 3625 758 3705 tanquam
774 3620 895 3684 dictum
910 3621 1046 3703 apostoli
1063 3620 1159 3684 verba
1175 3619 1309 3701 allegat:

137 3726 179 3807 μὴ
204 3722 287 3805 ξυριῖ)
309 3726 345 3785 τὸ
362 3724 479 3807 γένειον
496 3727 550 3788 καί
568 3728 609 3809 μὴ
626 3725 852 3809 περικουρείοις
871 3735 939 3808 χρῶ
956 3726 1137 3809 κειράμενος
1161 3723 1309 3804 (Constit.

137 3852 187 3912 ap.
211 3827 237 3908 Ι,
263 3830 293 3908 3,
317 3829 357 3893 cf.
382 3828 398 3893 I
421 3830 491 3894 (lor.
518 3832 568 3909 11,
594 3831 660 3914 14).

141 3964 145 3972 r
225 3933 304 3998 Cum
327 3933 536 4020 Syntagmate
552 3936 713 4000 doctrinae
728 3958 858 4018 prorsus
875 3935 941 4000 fere
956 3934 1115 3999 consentit
1132 3954 1205 4014 pars
1221 3930 1310 3993 Fidei

135 4038 335 4123 Nicaenae1)
359 4041 470 4119 altera,
493 4063 563 4104 cum
586 4064 660 4124 pars
677 4042 851 4124 scripturae
874 4041 962 4124 prior
984 4038 1212 4123 professionem
1237 4033 1310 4097 fidei

208 4178 235 4246 1)
257 4179 403 4234 Auctorem
429 4171 512 4231 libius
535 4179 690 4247 scripturae
709 4178 844 4233 Doctrina
863 4177 1054 4246 apostolorum
1078 4192 1157 4227 usum
1176 4189 1234 4226 esse
1252 4172 1310 4240 pri·

137 4282 199 4318 mus
217 4265 290 4319 vidit
309 4266 393 4331 Orris‚
415 4266 667 4335 Tthadcpeadcat,
686 4265 873 4320 Neo-Eboraci
894 4266 961 4318 1886
981 4262 1086 4332 Aprilis
1106 4262 1147 4314 15.

379 4366 382 4377 '
1080 4352 1100 4415 b
