2918 4890
295 326 518 384 SANGTORUM
537 328 803 386 APOSTOLORUM
821 327 882 396 VII,
901 330 926 397 2,
947 332 1039 396 11-5,
1059 334 1083 387 4.
1229 334 1270 399 79

95 487 218 553 furtum
241 511 278 554 ac
299 490 498 556 mendacium
520 490 745 571 commisisset,
769 488 946 556 Naamanis
976 492 1097 579 lepram
1119 493 1154 559 in
1176 492 1269 559 here·

95 595 229 660 ditatam
253 597 390 680 accepia
419 599 451 661 et
473 594 586 676 Iudas,
608 619 659 662 res
682 619 857 681 pauperum
880 597 1071 682 surripiens,
1095 596 1269 663 Dominum

94 699 216 784 gloriae
237 698 361 766 Iudaeis
380 701 532 784 prodidit,
555 723 592 766 aa
608 703 802 784 poenitentia
825 703 935 767 dactus
960 701 1068 784 taqaeo
1091 724 1123 768 se
1137 724 1268 785 suspeu-

94 804 139 868 dit
161 810 189 870 et
211 807 329 887 crepuit
358 808 496 887 mediae,
530 808 707 891 diffusaque
731 813 805 872 suat
833 809 940 872 orario
970 809 1087 873 uiscera
1117 810 1201 887 eiaa3
1235 812 1267 872 et

95 910 239 975 Ananias
263 916 359 997 atque
382 911 526 996 Saphira,
550 935 630 977 uxor
652 914 737 992 eius,
770 900 919 997 quoniam
950 914 1080 997 propria
1107 913 1192 977 bona
1214 936 1266 976 ra·
1293 933 1306 969 ο

96 1019 234 1099 puerant
255 1021 288 1081 et
308 1022 500 1082 murmurat
521 1020 671 1100 spiritura
692 1018 841 1098 Domini,
865 1019 974 1083 statim
999 1019 1157 1083 sententia
1179 1017 1268 1082 Petri

94 1121 270 1205 coapostoli
292 1124 395 1186 nostri
417 1127 519 1188 morte
542 1124 687 1189 mulctati
709 1124 849 1189 fuerunt.

181 1225 239 1291 III.
278 1225 354 1292 Non
370 1229 468 1293 uteris
483 1230 592 1314 magia
611 1251 713 1314 neque
728 1229 927 1315 praestigiis;
949 1229 1027 1294 dicit
1041 1230 1144 1295 enim:
1168 1229 1267 1294 Prae-

95 1332 271 1413 stipiatores
291 1353 355 1396 aori
377 1334 485 1398 sitietis
506 1335 612 1399 rivere.
659 1337 687 1398 2.
712 1335 745 1400 N
746 1357 788 1399 on
809 1334 979 1399 interficies
1002 1334 1104 1398 filium
1120 1338 1211 1397 tuum
1233 1336 1266 1396 in

95 1436 270 1516 abortione,
293 1460 395 1523 neque
418 1439 503 1521 quod
517 1442 630 1502 natum
645 1444 694 1503 est
708 1440 853 1518 necabis;
876 1460 968 1503 omne
983 1439 1068 1502 enim
1083 1438 1266 1516 formatum,
1281 1459 1307 1494 10

95 1540 179 1625 quod
202 1542 342 1606 animam
364 1565 384 1606 a
405 1541 473 1606 Deo
496 1541 626 1626 accepit,
649 1543 677 1605 si
699 1544 883 1626 perimatur,
907 1543 1130 1623 vindicabitur,
1156 1546 1268 1627 utpote

93 1645 212 1711 iniuste
235 1647 382 1711 occisum.
427 1650 457 1712 3.
480 1646 556 1712 Non
578 1649 788 1733 concupisces,
812 1671 893 1733 quae
915 1651 955 1713 ad
980 1651 1160 1733 proximum
1175 1653 1267 1712 tuum

95 1753 267 1835 pertinent,
291 1758 327 1818 ut
341 1775 471 1819 aaorera
495 1760 551 1819 out
564 1775 687 1819 aeroma
710 1759 766 1819 aut
784 1754 887 1819 barem
902 1760 958 1818 aot
971 1775 1093 1837 aprum·
1138 1755 1168 1818 4.
1191 1753 1266 1819 Non

94 1858 267 1941 peierabis3
298 1858 418 1923 dictum
447 1861 531 1924 enim
562 1862 627 1924 est:
657 1860 732 1924 Noa
758 1860 881 1923 iurabis
903 1861 1049 1940 ornatam
1078 1859 1129 1924 sin
1151 1860 1266 1937 minus,

95 1962 208 2028 saltem
231 1964 282 2047 pie
305 1986 341 2028 ac
363 1986 436 2029 vere
457 1964 547 2043 iura3
571 1965 646 2048 quia
668 1964 850 2029 laudabitur
865 1965 976 2042 oraria,
999 1965 1055 2045 qai
1072 1964 1160 2027 iurat
1176 1965 1210 2026 ia
1224 1984 1266 2027 eo.
1282 1982 1307 2018 1⁶

96 2066 124 2130 5.
146 2065 224 2132 Non
237 2067 321 2132 dices
337 2068 453 2132 falsum
468 2067 695 2148 testimonium,
718 2068 869 2152 quoniam
891 2069 946 2148 qai
961 2067 1173 2132 calumniatur
1182 2089 1268 2150 poa-

92 2192 207 2252 perern,
232 2173 353 2237 lacerat
374 2194 451 2253 eura,
475 2173 530 2254 qai
550 2171 642 2236 ittam
660 2173 745 2254 fecit.

181 2275 239 2341 IV.
277 2275 352 2342 Non
374 2278 560 2343 maledices:
593 2279 643 2343 Ne
663 2279 779 2361 ditique
802 2278 903 2358 enim,
927 2278 1052 2363 inquit,
1081 2277 1268 2356 maledicere,

96 2403 133 2447 ae
153 2383 284 2447 tutioris.
328 2383 442 2470 Neque
463 2385 596 2449 iniurias
619 2384 849 2462 recordaberis3
877 2384 947 2448 riae
969 2385 1054 2450 enim
1076 2405 1189 2463 eoram,
1214 2385 1269 2465 qai

96 2508 243 2553 rumores
264 2495 338 2553 suat
358 2492 564 2568 iniuriarum,
587 2493 623 2555 ia
632 2497 769 2556 raortera.
817 2492 846 2553 2.
869 2488 944 2554 Non
966 2490 1029 2554 eris
1044 2488 1178 2574 duplicis
1194 2511 1267 2553 sen·
1281 2505 1307 2543 20

96 2594 215 2658 tentiae
236 2615 338 2679 neque
359 2596 495 2679 duplicis
518 2596 664 2681 linguae3
689 2598 819 2680 laqueus
835 2596 920 2659 enim
934 2595 1036 2676 fortis
1051 2597 1118 2658 uiro
1128 2595 1267 2675 proprio

96 2698 198 2778 labia,
228 2705 260 2765 et
289 2703 338 2765 or'r
368 2702 529 2784 tiapaosar
557 2722 621 2767 aaa
652 2702 804 2784 diripetar
833 2702 869 2764 ia
899 2704 993 2763 terra.
1038 2700 1069 2762 3.
1100 2695 1176 2761 Non
1206 2698 1268 2762 erit

96 2825 197 2870 sermo
220 2809 294 2870 tuus
317 2828 432 2885 venus3
455 2807 492 2872 de
515 2809 600 2872 orarii
622 2808 706 2872 enim
728 2807 817 2871 aerbo
840 2807 935 2870 otioso
955 2803 1089 2868 reddetis
1103 2804 1265 2867 ratioaera.

96 2908 125 2975 4.
149 2908 225 2975 Non
247 2912 428 2976 mentieris:
456 2911 573 3000 Perae
595 2911 698 2990 enim,
721 2911 848 2995 inquit,
876 2929 996 2988 orares,
1020 2910 1075 2989 qai
1097 2909 1267 2990 loquantur

94 3014 295 3079 mendacima
342 3017 372 3080 5.
403 3015 477 3082 Non
507 3016 568 3080 eris
601 3014 767 3080 fraudator
795 3036 896 3097 neque
927 3034 1044 3097 rapax:
1076 3012 1140 3077 Vae
1170 3012 1265 3092 enim,
1282 3030 1307 3069 2⁵

94 3117 213 3204 inquit,
246 3122 288 3200 ei,
320 3123 375 3202 qai
396 3122 582 3203 proairrrara
597 3121 739 3203 fraudat
759 3119 882 3201 fraude
911 3119 1006 3182 mola.
1053 3119 1083 3182 6.
1106 3115 1181 3182 Non
1204 3119 1265 3182 eris

95 3223 273 3310 hypocrita,
296 3248 336 3291 ne
355 3232 480 3308 partera
502 3232 589 3290 tauro
611 3246 680 3289 cara
702 3225 747 3289 eis
763 3244 880 3305 poros.

182 3328 223 3396 V.
261 3330 335 3395 Non
358 3332 418 3396 eris
436 3331 595 3418 malignus
611 3353 712 3415 neque
727 3329 898 3413 superbus3
921 3328 1064 3409 superbis
1079 3329 1163 3392 enim
1178 3327 1269 3392 Deae

95 3437 221 3501 resistit.
267 3437 296 3502 2.
320 3434 396 3501 Non
419 3437 552 3521 accipies
575 3457 742 3520 personam
764 3434 799 3496 in
821 3432 948 3512 iudicio,
972 3434 1047 3513 qaia
1068 3431 1204 3497 Domiai
1226 3437 1270 3496 est

94 3541 256 3606 iudiciaria.
303 3544 333 3607 3.
371 3543 446 3608 Non
479 3543 551 3607 odio
584 3541 716 3606 habebis
746 3539 848 3604 ullum
881 3538 1053 3602 hominem.
1099 3536 1268 3620 Arparado
1282 3554 1308 3592 ³0

94 3666 209 3728 arpaes
222 3646 363 3729 fratrem
384 3653 488 3727 tauro,
513 3653 540 3712 et
561 3667 624 3711 aori
647 3645 779 3726 accipies
795 3648 927 3725 propter
949 3663 1019 3706 eurr
1033 3647 1213 3723 peccatura,-
1237 3645 1268 3704 et

95 3771 192 3833 orpae
212 3753 389 3833 cupientem,
414 3758 441 3817 et
463 3752 569 3835 diliyet
584 3757 620 3816 te.
659 3751 689 3813 4.
714 3749 803 3833 Fuge
819 3747 859 3812 ab
875 3746 962 3811 omni
978 3746 1062 3810 malo
1078 3750 1109 3810 et
1125 3747 1165 3809 ab
1181 3746 1268 3809 omni

128 3871 153 3926 2.
183 3875 267 3944 παγὶς
284 3894 308 3945 γ.
325 3871 434 3947 ἰσχυρά]
452 3873 533 3928 Prov.
552 3876 577 3936 o,
590 3873 614 3924 2.
634 3901 665 3912 -
729 3871 754 3922 6.
780 3869 813 3925 τὸ
831 3866 927 3941 μέρος]
947 3866 1050 3920 Matth.
1069 3867 1111 3930 24,
1130 3867 1173 3920 51.

93 3956 174 4034 ἀνήρ]
193 3960 236 4013 Ps.
260 3961 315 4024 139,
338 3962 377 4013 ll.
728 3955 761 4020 V,
786 3956 809 4010 1.
836 3953 1033 4029 ὑπερηφάνοις]
1062 3952 1142 4008 Prov.
1169 3953 1200 4016 3,
1225 3955 1268 4007 34.

129 4050 153 4102 3.
182 4050 247 4120 περὶ
264 4047 380 4116 παντὸς]
400 4047 504 4102 Matth.
525 4048 565 4111 12,
585 4049 628 4102 36.
696 4045 749 4099 lae.
768 4045 793 4108 4,
812 4045 836 4097 6.
865 4041 904 4096 cf.
924 4041 1089 4109 Pseudoign.
1109 4040 1173 4096 Her.
1194 4045 1224 4104 5,
1245 4040 1269 4094 1.

128 4134 153 4188 4.
182 4133 305 4203 ἀπολεῖς]
326 4134 369 4191 Ps.
388 4139 418 4199 5,
438 4137 463 4191 7.
494 4135 535 4190 of.
548 4133 667 4190 Pseudo·
730 4131 754 4186 2.
773 4152 797 4187 τ.
807 4132 850 4202 κο]
858 4131 956 4205 κρίσις]
968 4128 1047 4183 Dent.
1060 4132 1081 4191 l,
1097 4130 1137 4181 17.
1147 4127 1187 4182 cf.
1198 4129 1268 4192 10,2.

93 4221 151 4291 ign.
170 4223 235 4277 Her.
253 4225 279 4288 5,
299 4228 321 4279 l.
729 4219 755 4273 3.
784 4216 901 4293 ἐλεγμῷ]
916 4217 980 4271 hev.
997 4215 1091 4280 19,17.
1113 4246 1144 4256 -
1163 4210 1268 4288 tiene]

127 4311 153 4364 5·
183 4311 421 4380 οὐα1]Ηο1)οο.2,
441 4314 466 4367 9.
695 4307 775 4364 Prov.
791 4308 816 4371 9,
835 4307 859 4360 8.
