2918 4890
348 361 534 418 DOCTRINA
552 360 741 415 DUODEGIM
760 358 1034 414 APos'rouoann.
1170 357 1278 426 XLIII

100 524 185 587 inter
208 522 349 596 crimino,
367 525 524 602 ponatur,
557 520 611 601 qui
631 520 754 602 scotris
784 520 836 582 sni
864 520 1012 599 spiritum
1042 521 1276 584 contristaverit.

99 626 205 703 Quam
227 627 418 692 sententiam
442 623 597 708 ohiapelli
611 624 636 708 ¹)
661 646 697 687 eo
721 623 903 687 confirmari
925 628 1035 707 putat,
1068 625 1151 707 quod
1185 646 1277 708 prae-

99 736 228 817 ceptum
253 730 422 816 Evangelii
445 728 615 793 secundum
639 728 818 792 Hebraeos:
843 749 1003 808 ›rnnpnoro
1027 728 1098 792 loeti
1112 729 1190 806 sitis,
1213 730 1277 791 arisi

99 859 170 902 cum
185 838 328 921 fratrom
351 840 484 900 vestrone
507 833 647 898 videritis
669 835 703 897 in
726 836 855 898 coritotc
869 832 907 915 1),
930 832 1115 896 nouaclum
1138 833 1177 896 ad
1193 832 1276 896 Doe-

98 942 220 1006 trinam
246 942 296 1019 15,
313 944 351 1020 3,
382 940 436 1004 sed
466 939 561 1003 etiam
594 938 633 1003 ad
664 939 853 1004 Doctrinam
877 940 934 1017 14,
962 939 981 1000 2
1011 960 1109 1021 prope
1140 936 1276 1002 accedat.

100 1048 304 1132 Argumenta
326 1067 401 1111 vero
423 1044 553 1108 minime
576 1043 749 1109 sufficiunt.
791 1043 851 1108 Hic
866 1042 1039 1107 Doctrinae
1059 1042 1145 1106 locus
1161 1043 1277 1106 rectius

100 1175 138 1217 ex
165 1150 344 1235 Evangelio
367 1148 524 1214 Matthaei
548 1150 578 1228 5,
595 1149 638 1210 24
660 1148 824 1232 repetitur.
870 1148 961 1223 Quod
991 1151 1097 1210 autem
1123 1147 1162 1210 ad
1185 1146 1277 1210 illum

102 1257 209 1320 locum
232 1255 358 1332 attinet,
381 1254 556 1337 scripturae
580 1275 642 1317 nou
667 1257 833 1336 tantopere
855 1252 1068 1330 consentiunt,
1093 1255 1130 1314 ut
1151 1274 1215 1314 una
1238 1251 1277 1314 ad

103 1361 239 1425 alteram
254 1382 324 1424 cum
338 1357 528 1423 certitudine
543 1358 644 1442 possit
660 1358 779 1422 referri.
819 1358 986 1423 Praeterea
998 1358 1094 1421 rerba
1106 1356 1278 1421 Doctrinae

100 1464 232 1529 laudata
254 1488 273 1528 a
296 1463 454 1528 sententia
476 1461 634 1526 Matthaei
661 1463 709 1541 18,
730 1463 855 1526 15-17
880 1484 944 1526 non
967 1466 1133 1545 tantopere
1156 1461 1277 1525 dissen-

102 1569 173 1647 tire,
190 1572 387 1652 quantopere
401 1566 615 1650 Krawutzcky
631 1567 766 1651 putavit,
783 1589 821 1630 ex
837 1566 906 1630 loco
919 1566 1123 1648 praecedente
1135 1569 1277 1649 apparet,

103 1673 159 1737 ubi
182 1672 357 1738 Christiani
380 1672 600 1750 admonentur,
624 1676 661 1735 ut
684 1671 818 1736 invicem
842 1695 875 1736 se
891 1676 1029 1757 arguant
1050 1673 1084 1735 in
1099 1693 1185 1756 pace.
1221 1670 1276 1736 sin

101 1780 209 1840 autem
235 1775 412 1860 Evangelio
435 1776 605 1839 secundum
628 1774 791 1840 Hebraeos
815 1780 976 1844 auctorem
998 1799 1089 1840 usum
1113 1799 1180 1841 esse
1202 1798 1277 1860 pro·

103 1880 172 1945 bari
195 1881 316 1964 nequit,
339 1903 377 1944 ex
393 1879 547 1944 Doctrina
569 1881 599 1958 2,
616 1880 701 1943 2-3
725 1902 796 1944 eum
819 1880 897 1944 illud
914 1880 1125 1966 Evangelium
1150 1881 1277 1944 1111111-

103 1985 189 2070 gisse
212 1989 354 2070 apparet.
393 1985 547 2050 Mandata
562 1984 656 2063 enim,
680 2007 761 2069 quae
776 1985 836 2049 hoc
851 1986 921 2050 loco
936 1990 1158 2069 proponuntur
1180 2008 1277 2069 quae-

103 2113 174 2174 que,
200 2090 227 2153 si
250 2089 319 2154 fieri
342 2093 465 2174 potest,
489 2112 505 2154 e
528 2088 693 2173 Scriptura
710 2089 806 2154 Sacra
829 2091 998 2174 repetenda
1020 2094 1105 2169 sunt,
1129 2090 1277 2175 Evange-

102 2196 181 2260 lium
204 2197 375 2260 secundum
398 2194 559 2260 Hebraeos
582 2217 645 2259 non
669 2196 808 2275 exhibet,
831 2197 885 2260 sed
907 2196 1092 2278 simpliciter
1116 2195 1211 2260 dicit:
1236 2196 1276 2260 tc·

101 2322 170 2383 ocra
197 2304 224 2364 et
242 2300 413 2381 prophetas
427 2301 495 2383 foc.

189 2404 319 2469 Praeter
336 2405 397 2469 duo
409 2404 587 2490 Evangelia
602 2411 712 2472 auctor
724 2407 872 2472 notitiam
884 2406 1111 2471 nonnullarum
1125 2407 1278 2490 epistula·

102 2533 174 2573 rum
198 2510 314 2594 prodit.
359 2510 410 2575 Ex
434 2511 550 2588 5,1.2
574 2515 720 2595 apparet,
748 2534 819 2575 eum
842 2511 933 2575 Pauli
957 2511 1124 2595 epistulam
1149 2511 1187 2575 ad
1212 2509 1278 2573 Ro-

103 2637 215 2678 manos
238 2614 401 2698 cognitam
424 2615 581 2680 habuisse.
628 2613 700 2679 Vox
723 2619 826 2700 μαρὰν
850 2615 925 2693 ἀθά,
951 2639 1045 2700 quam
1066 2615 1097 2680 S.
1114 2614 1278 2698 Scriptura

101 2719 230 2783 nonnisi
252 2716 354 2783 IOor.
372 2719 422 2798 16,
440 2719 481 2783 22
505 2720 643 2800 exhibet,
667 2743 739 2785 eum
763 2722 845 2785 hanc
869 2743 994 2805 quoque
1016 2721 1186 2805 epistulam
1203 2741 1276 2802 pro-

100 2823 251 2888 babiliter
274 2822 389 2906 legisse
404 2822 532 2888 indicat.
574 2827 602 2904 1,
620 2827 640 2888 4
655 2831 721 2890 tam
738 2849 836 2910 prope
851 2826 891 2890 ad
908 2825 923 2890 1
940 2825 1024 2889 Ρ111.
1042 2827 1072 2904 2,
1092 2827 1128 2888 11
1148 2824 1276 2901 accedit,

101 2932 138 2992 ut
166 2949 270 3010 neque
302 2927 396 2991 huius
418 2930 573 3012 epistulae
603 2931 735 3013 ignarus
758 2931 856 2995 fuisse
878 2930 1049 2995 censendus
1072 2930 1123 2993 sit.
1169 2928 1278 2992 Etiam

103 3032 275 3097 nonnullas
299 3032 377 3096 alias
400 3033 574 3117 scripturas
606 3035 639 3098 in
664 3037 730 3100 eius
754 3036 902 3100 notitiam
932 3034 1110 3119 pervenisse
1138 3033 1278 3096 conicere

103 3138 187 3202 licet.
227 3137 389 3221 Langen³)
405 3140 577 3219 contendit,
595 3163 667 3204 eum
683 3145 808 3225 praeter
819 3141 992 3224 scripturas
1008 3138 1153 3202 laudatas
1170 3136 1277 3200 Evan-

33 3300 41 3313 .
101 3242 222 3326 gelium
251 3240 379 3306 loannis
417 3242 619 3328 eiusdemque
654 3245 886 3329 Apocalypsin,
917 3244 1016 3308 Actus
1051 3241 1277 3327 apostolorum,

101 3345 195 3410 Pauli
217 3347 371 3430 epistulas
395 3347 434 3410 ad
458 3348 623 3430 Ephesios,
648 3351 686 3413 ad
703 3349 907 3414 Timotheum
931 3348 1077 3433 primam,
1102 3347 1141 3410 ad
1157 3345 1277 3424 Titum,

102 3452 141 3516 ad
167 3451 398 3536 Philippenses,
422 3453 461 3516 ad
478 3452 651 3532 Hebraeos,
675 3456 708 3518 in
726 3477 817 3518 usum
833 3477 924 3518 suum
944 3454 1082 3518 vertisse.
1122 3451 1278 3534 Equidem

102 3560 263 3621 auctorem
288 3579 385 3621 unam
409 3558 458 3622 vel
482 3559 615 3623 alteram
639 3583 676 3624 111
695 3560 745 3624 his
761 3560 928 3644 scripturis
952 3561 1114 3644 cognitam
1129 3558 1278 3621 habuisse

101 3682 166 3725 non
189 3683 319 3745 prorsus
342 3664 535 3746 negaverim.
582 3663 694 3749 Neque
724 3686 797 3730 vero
832 3665 948 3729 indicia
976 3663 1104 3728 invenio
1128 3661 1205 3725 satis
1228 3659 1278 3722 lu-

103 3764 246 3844 culenta,
270 3770 306 3829 ut
329 3766 450 3830 certum
475 3768 626 3832 iudicium
649 3769 732 3834 ferre
755 3770 897 3835 audeam.
944 3769 991 3834 of.
1016 3767 1114 3832 Index
1137 3766 1278 3829 locorum

102 3868 133 3937 S.
157 3869 350 3956 Scripturae.

176 4130 202 4194 1)
221 4127 314 4183 Stadii
331 4148 357 4199 p.
376 4131 505 4186 226-29.

170 4218 199 4284 2)
219 4217 393 4283 Fragmenta
413 4221 530 4291 collegit
551 4222 721 4290 Hilgenfeld,
742 4223 812 4277 Nor.
826 4223 946 4278 Tectam.
966 4226 1047 4277 extra
1065 4239 1126 4276 can.
1146 4222 1214 4276 fasc.
1229 4218 1276 4272 IV.

171 4304 200 4373 3)
218 4304 386 4360 Hectorischc
400 4307 558 4378 Zcr'tectraft
577 4311 598 4362 t.
616 4309 652 4362 53
671 4310 760 4375 (1885)
778 4328 805 4379 p.
824 4309 973 4364 212-214.
