2918 4890
327 324 547 385 sanctonum
564 326 833 384 APOSTOLORUII
848 328 948 394 XXIII,
969 329 1134 386 3-XXVII.
1274 332 1312 403 71

138 490 171 557 3.
194 486 289 556 Alter
318 489 450 555 alterius
479 510 607 553 cursum
636 511 677 554 ne
704 488 898 574 intercipiat.
943 487 1056 576 Neque
1089 491 1175 557 enim
1207 495 1315 580 angeli

137 596 267 682 praeter
288 593 337 676 id,
360 594 444 683 quod
466 594 544 680 ipsis
566 598 770 681 praeceptum
791 599 855 676 est,
879 595 1053 681 quidquam
1074 597 1162 664 aliud
1183 622 1313 685 praeoc-

138 704 269 789 cupant.

226 803 345 873 XXIV.
391 804 535 873 Andreas
557 805 657 872 dixit:
680 805 770 877 Utile
785 811 843 887 est,
866 806 992 888 fratres,
1015 806 1202 874 mulieribus
1217 809 1313 875 mini-

136 911 273 978 sterium
295 912 469 998 assignare.
1326 949 1339 988 ι

226 1014 328 1084 XXV.
374 1016 489 1083 Petrus
504 1017 600 1083 dixit:
622 1017 691 1083 Iam
707 1018 895 1096 statuimus3
920 1017 959 1083 de
974 1016 1138 1084 oblatione
1152 1040 1227 1085 vero
1242 1041 1313 1086 cor·

137 1122 226 1209 poris
249 1127 282 1188 et
305 1123 471 1210 sanguinis
494 1128 639 1190 accurate
661 1123 989 1190 commonefaciamus.

224 1226 344 1294 XXVI.
389 1227 524 1295 Ioannes
546 1228 647 1296 dixit:
671 1227 773 1295 Obliti
789 1229 874 1310 estis,
898 1229 1024 1310 fratros,
1047 1230 1133 1314 quod
1148 1229 1312 1315 magister,

135 1355 211 1398 cum
232 1356 349 1419 panem
378 1338 410 1399 et
432 1334 561 1400 calicem
584 1339 714 1421 rogaret
736 1335 844 1419 eisque
865 1333 1064 1401 benediceret
1086 1334 1211 1400 dicens:
1242 1333 1313 1400 Hoc

136 1443 187 1504 est
208 1461 323 1525 corpus
344 1461 451 1506 meum
469 1463 505 1505 ac
527 1441 678 1526 sangine,
701 1439 752 1505 his
775 1462 839 1505 nou
862 1440 1007 1526 permisit
1029 1439 1194 1505 uobiscum
1217 1443 1311 1506 stare.
1326 1476 1351 1514 ιι

137 1546 169 1610 2.
192 1545 324 1611 Martha
339 1545 438 1611 dixit:
461 1546 597 1632 Propter
618 1544 766 1627 Mariam,
790 1545 943 1632 quoniam
964 1545 1046 1611 vidit
1061 1568 1130 1611 eam
1145 1544 1311 1611 subriden-

136 1655 212 1716 tem.
251 1649 356 1717 Maria
371 1651 433 1717 ait:
456 1651 532 1719 Non
547 1654 683 1738 amplius
699 1653 770 1730 risi;
794 1652 953 1737 praedixIt
968 1650 1052 1716 enim
1067 1651 1169 1731 nobie,
1185 1651 1312 1735 quaudo

136 1756 280 1837 docebat,
305 1756 373 1822 fore
395 1761 431 1823 ut
452 1758 617 1824 infirmum
639 1781 696 1843 per
718 1758 859 1823 validum
882 1758 1068 1823 salvaretur.

223 1860 361 1928 XXVII.
405 1862 529 1948 (lepbas
552 1864 648 1929 dixit:
679 1863 798 1948 Aliqua
829 1866 936 1927 autem
966 1861 1192 1942 memineritis,
1226 1861 1311 1946 quod

136 1967 285 2032 mulieres
307 1989 372 2033 non
395 1969 483 2035 decet
505 1970 619 2035 stando
641 1992 742 2049 orare,
765 1968 820 2034 sed
842 1973 1079 2052 superterram
1101 1967 1254 2032 sedentes.
1324 2000 1349 2038 ιι

222 2071 374 2140 XXVIII.
420 2074 553 2142 Iacobus
573 2077 674 2142 dixit:
699 2075 862 2153 Quomodo
877 2075 979 2160 igitur
994 2095 1162 2158 possumus
1185 2072 1223 2136 de
1239 2096 1310 2138 mu-

135 2178 251 2244 lierum
272 2180 449 2245 ministerio
472 2183 647 2265 decernere,
670 2183 733 2248 nisi
755 2181 979 2262 ministerium,
1002 2202 1066 2265 quo
1090 2178 1217 2244 valeant
1239 2201 1310 2244 mu·

135 2285 266 2352 lienibus
290 2287 397 2372 egenis
420 2289 598 2356 inservire?

135 2459 248 2515 bantur.
285 2459 325 2515 cf.
344 2461 446 2517 Matth.
472 2463 501 2529 8,
524 2466 568 2530 19;
595 2465 640 2530 12,
660 2465 708 2531 38;
738 2474 778 2520 lt.
797 2462 897 2538 πρέπει
910 2458 1130 2516 eversionibus:
1150 2458 1230 2512 omV
1246 2458 1250 2528 Ι
1266 2456 1311 2516 ἐπί

136 2550 176 2614 22,
198 2551 239 2605 16.
258 2551 301 2604 24.
320 2551 361 2607 26.
736 2568 787 2606 em:
807 2547 1062 2617 dndV-Cephas
1070 2545 1210 2601 rationem
1223 2546 1310 2601 aliam

168 2639 195 2693 2.
215 2648 256 2693 11.
277 2639 384 2714 Μάρθα
402 2635 479 2698 εἶπεν
502 2641 595 2695 exstat
618 2640 708 2695 bisin
737 2638 832 2702 affert,
860 2653 907 2690 cur
931 2632 1096 2689 muIIeribus
1120 2632 1211 2688 officia
1228 2633 1311 2688 litur-

138 2724 202 2780 V-
223 2725 426 2783 Animadverte
436 2730 605 2785 contextum.
624 2727 709 2786 Ratio
737 2726 800 2797 gica
818 2723 970 2779 interdicta
994 2721 1060 2774 sint.
1095 2717 1243 2777 Versiones
1265 2722 1310 2777 hic

138 2814 280 2871 afferenda
299 2816 375 2880 erat,
395 2832 443 2870 cur
461 2814 595 2871 Dominus
613 2816 643 2870 in
662 2833 709 2872 eu·
737 2814 820 2869 valde
850 2812 1018 2880 discrepant.
1061 2807 1197 2878 AethIops
1223 2808 1309 2879 legit:

136 2901 269 2958 maristia
279 2901 455 2958 instituenda
471 2903 634 2959 mulieribus
646 2922 709 2959 cum
735 2902 801 2956 Infit
819 2900 941 2970 cephas:
965 2898 1031 2951 sunt
1052 2894 1099 2966 qui
1118 2894 1227 2951 dicant:
1252 2914 1308 2953 non

137 2991 271 3062 apostolis
284 2992 360 3046 stare
373 3008 429 3046 non
439 2990 618 3060 permisisset.
639 2993 709 3046 Aue·
736 2989 815 3044 decet
833 2986 952 3042 feminas
966 2982 1099 3038 attollere
1111 2998 1208 3038 vocem
1220 3001 1307 3051 suam,

135 3081 180 3136 tor
198 3081 294 3134 autem
318 3079 347 3132 id
370 3097 426 3135 non
446 3078 502 3133 suis
520 3080 613 3134 verbis
631 3080 708 3145 facit,
721 3082 723 3139 Ξ
736 3076 802 3129 dum
821 3077 900 3129 stant
918 3075 948 3128 in
967 3071 1081 3128 ecclesia
1099 3071 1144 3140 (cf.
1164 3071 1251 3126 ICor.
1267 3075 1307 3138 14,

137 3167 184 3223 sed
205 3166 301 3238 potius
324 3166 454 3222 mulieres
479 3166 588 3223 inducit
611 3184 708 3222 causas
736 3166 777 3219 34.
797 3163 851 3234 35),
870 3163 918 3218 sed
935 3161 1045 3217 faciant
1065 3177 1111 3216 eas
1127 3160 1309 3230 procumbere

134 3255 289 3310 reddentes.
326 3255 459 3310 Hernack
487 3256 574 3311 verba
601 3254 709 3329 Μάρθα
736 3250 822 3306 humi.
865 3246 1307 3319 1nterprescopricusexhiber:

135 3373 168 3384 -
187 3342 305 3417 ἐγέλασα
321 3344 460 3413 tanquam
484 3343 708 3399 observationem
736 3340 844 3411 Gephas
858 3337 943 3392 dixis:
955 3336 1086 3393 nonnulli
1098 3337 1209 3392 dicunt:
1229 3339 1309 3393 decet

137 3432 173 3486 ab
185 3431 316 3501 apostolo
326 3432 431 3486 Ioanne
442 3430 619 3486 interiectam
631 3430 708 3485 uncis
736 3427 865 3482 mulieres
888 3442 970 3481 orare
994 3427 1104 3482 stantes
1130 3444 1219 3498 neque
1243 3445 1309 3500 pro·

134 3517 256 3575 inclusIt.
275 3549 305 3559 -
328 3518 420 3576 οὐκέτι
437 3520 507 3590 κτλ]
531 3518 622 3575 Maria
641 3534 707 3588 ergo
735 3515 864 3571 cumbere
877 3531 959 3584 super
972 3516 1087 3570 terram.
1105 3547 1140 3558 -
1157 3523 1195 3590 μὴ
1208 3517 1309 3593 ὀρθαῖς

133 3624 162 3663 se
181 3607 273 3662 risisse
291 3622 348 3661 non
360 3609 455 3677 negat,
475 3608 601 3662 affirmat
613 3608 708 3661 autem
734 3604 806 3673 κτλ.]
824 3602 864 3658 De
881 3603 934 3657 hoc
952 3603 1054 3658 habitu
1067 3604 1217 3661 mullorum
1236 3606 1308 3661 alias

133 3694 238 3750 vitium
250 3711 278 3750 se
289 3694 427 3759 abiecisse,
448 3697 532 3765 atque
546 3695 632 3750 aliam
645 3711 708 3748 cau·
735 3693 808 3748 nihil
827 3691 960 3747 tradItur.

133 3801 195 3839 sam
208 3781 297 3847 addit,
314 3782 447 3852 obquam
458 3783 707 3839 mulieresasacro
778 3781 904 3837 XXVIII.
932 3789 972 3837 1⁷.
1000 3784 1140 3840 διακονίαν
1163 3779 1255 3855 ὁρίσαι
1274 3779 1306 3844 V,

133 3870 290 3926 ministerio
300 3874 439 3928 arcentur.
458 3904 491 3913 -
510 3871 585 3946 ἡμῖν]
598 3888 634 3927 sc.
648 3889 708 3925 mu·
734 3887 791 3925 non
808 3873 947 3939 διακονίας
965 3869 1029 3946 ‹lo-l
1053 3868 1218 3943 ἐπισχύσωσι
1232 3884 1254 3921 c.
1268 3864 1307 3920 V:

132 3960 256 4025 lienibus,
276 3976 334 4015 non
352 3961 499 4031 apostolis,
525 3964 559 4017 ut
575 3960 708 4016 Harnacls
735 3958 926 4015 coniciebatur
939 3956 1104 4032 ίνιισχὴσωσι
1123 3959 1151 4012 et
1169 3954 1307 4029 ἐπισχῶσι.

133 4048 349 4119 interpretatur.
376 4081 408 4091 -
437 4051 470 4107 τί
495 4048 614 4119 ἀσθενὲς
635 4049 706 4121 καί]
734 4078 769 4087 -
787 4046 813 4104 εἰ
829 4051 867 4120 μή
887 4069 913 4104 τι
925 4048 996 4117 καί]
1014 4044 1150 4100 Inservire
1167 4060 1234 4113 ergo
1248 4061 1307 4097 mu-

134 4137 161 4196 S.
171 4135 317 4207 Scriptura
326 4138 401 4193 hanc
414 4138 583 4194 sententiam
594 4154 650 4193 non
663 4155 707 4192 ex·
734 4136 848 4191 lieribua
877 4135 971 4206 egenis
1000 4136 1042 4189 est
1072 4133 1162 4187 solum
1185 4131 1307 4187 officium

131 4226 219 4282 hibet.
735 4223 966 4288 ecclesiasticum,
985 4220 1059 4292 quod
1079 4219 1243 4275 mulieribus
1261 4218 1307 4276 de·

167 4313 426 4381 XXVII,14.dtc.V
437 4333 443 4368 :
453 4314 594 4387 λεγόντων
603 4311 704 4384 finge!
719 4266 721 4369 l
733 4312 859 4381 putatur.
