2918 4890
364 315 549 370 DOCTRINA
569 314 758 370 DUODECIM
776 314 1049 370 APOSTOLORUM.
1173 318 1294 384 XLVII

208 473 355 538 Editores
387 479 553 557 sequentes
585 475 715 557 plurimi
744 476 933 559 scripturam
963 476 1060 539 etiarn
1092 478 1125 541 in
1148 479 1292 563 linguam

116 579 258 662 patriam
277 579 519 659 transtulerunt,
543 581 589 643 ita
612 584 648 643 ut
670 580 735 644 fere
759 580 859 644 eidem
882 581 946 644 sint
969 603 1039 644 cnm
1055 583 1292 666 interpretibus,

118 683 309 766 Excipiendi
332 687 407 747 sunt
430 683 625 769 Hilgenfeld,
648 684 826 763 Luthardt‚
854 684 1005 749 Harnach
1027 688 1061 750 in
1084 688 1220 751 editione
1242 712 1292 753 se-

116 789 221 852 cunda
243 788 293 852 vel
314 787 445 867 minore,
468 789 560 853 Prius
576 794 607 853 et
624 790 725 854 editor
741 788 966 868 Scandinavns,
990 791 1045 874 qui
1060 795 1183 855 textum
1199 813 1292 875 grae·

114 915 187 956 curn
211 893 314 957 solum
338 895 423 977 typis
449 897 678 977 expresserunt.
718 892 874 976 Majocchi
897 897 929 956 et
945 893 1038 957 Funk
1062 896 1163 958 textui
1185 899 1291 959 trans-

115 996 269 1061 lationem
286 998 419 1061 latinam
437 997 625 1062 adiecerunt.
666 996 732 1059 Alii
748 1001 887 1060 econtra
902 998 1091 1080 scripturam
1103 999 1136 1062 in
1147 998 1291 1083 linguam

116 1102 319 1165 vernaculam
335 1102 579 1180 transtulerunt,
603 1105 725 1165 textum
742 1122 890 1184 graecum
907 1124 970 1166 non
986 1105 1194 1187 publicantes,
1230 1108 1291 1184 Qui

116 1211 191 1290 post
214 1208 349 1271 editores
374 1212 405 1271 et
428 1207 555 1290 quidem
580 1206 815 1271 characteribus
838 1208 1014 1272 minoribus
1038 1210 1190 1274 adhibitis
1213 1234 1291 1274 enu-

114 1317 297 1392 merantur,
328 1335 368 1377 ne
390 1335 462 1377 cum
485 1312 549 1375 illis
572 1312 817 1376 confundantur.
864 1310 946 1376 Sunt
972 1318 1078 1378 autem
1101 1315 1236 1379 editores
1259 1320 1291 1379 et

113 1417 304 1500 interpretes

527 1591 552 1656 I.
586 1591 675 1657 Inter
698 1592 881 1658 Germanos.

206 1732 238 1817 1)
262 1733 428 1817 Adolphus
451 1732 647 1816 Hilgenfeld,
670 1732 917 1815 Evangeliorum
931 1735 1099 1798 secundum
1117 1735 1290 1816 Hebraeos,

115 1838 288 1902 secundum
313 1837 452 1918 Petrum,
476 1838 646 1902 secundum
671 1838 858 1921 Aegyptios
882 1837 1040 1902 Matthiae
1062 1837 1289 1918 Traditionem,

116 1940 204 2006 Petri
234 1946 266 2006 et
289 1941 381 2007 Pauli
403 1942 654 2007 Praedicationis
687 1947 718 2006 et
746 1941 901 2019 Actuum,
933 1942 1020 2006 Petri
1044 1943 1289 2028 Apocalypseos,

117 2046 315 2111 Didascaliae
338 2049 555 2132 apostolorum
578 2049 766 2132 antiquioris
789 2069 869 2131 quae
890 2053 1061 2131 supersunt
1077 2048 1185 2112 addita
1207 2048 1289 2113 Doc-

117 2151 204 2215 trina
219 2150 283 2216 XII
306 2152 522 2236 apostolorum
545 2155 577 2215 et
599 2151 707 2215 libello
727 2151 782 2234 qni
799 2151 976 2235 appellatus
1002 2151 1111 2217 »Duae
1126 2154 1213 2218 viae«
1240 2155 1289 2218 vel

120 2254 293 2321 »Iudicium
318 2256 423 2322 Petri«
449 2257 588 2341 collegit,
612 2257 783 2340 disposuit,
815 2257 980 2320 emendata
1003 2261 1035 2321 et
1058 2262 1151 2321 aucta
1173 2259 1289 2322 iterum

122 2361 221 2426 edidit
243 2366 275 2425 et
298 2363 556 2426 adnotationibus
578 2362 769 2440 illustravit,
802 2362 867 2426 vel:
899 2361 1028 2426 Novum
1052 2362 1289 2428 Testamentum

117 2469 209 2529 extra
219 2487 372 2530 canonem
384 2471 553 2550 receptum,
570 2468 675 2531 fascic.
688 2466 735 2531 IV
746 2468 792 2531 ed.
806 2465 846 2532 ΙΙ.
872 2466 995 2550 Lipsiae
1010 2468 1103 2531 1884.
1130 2466 1205 2551 Peg.
1219 2468 1290 2531 129.

204 2572 239 2654 2)
266 2570 432 2655 Adolphus
455 2571 625 2650 Harnack‚
649 2571 714 2637 Die
736 2573 836 2637 Lehre
858 2573 912 2636 der
934 2573 1034 2654 rwdlf
1051 2572 1183 2654 Apostcl
1204 2575 1289 2638 afeca

120 2674 393 2760 Uatcrsuchaapca
408 2698 468 2741 aar
484 2678 611 2742 dltcsteu
625 2677 800 2742 Gcschichte
817 2678 871 2741 dcr
884 2677 1209 2760 Kirchcaocrfussunp
1223 2679 1290 2741 aad

114 2780 167 2843 des
191 2780 437 2846 Kirchcorechts.
482 2782 607 2866 Lipsiae
632 2784 725 2849 1884.
771 2782 850 2867 Pag.
876 2783 927 2862 70,
952 2784 1024 2848 294.

206 2921 242 2930 —
267 2885 399 2950 Denuo:
422 2885 486 2951 Dic
500 2888 708 2968 Apostollchre
730 2888 797 2976 aad
816 2888 866 2951 dic
884 2888 1047 2967 judicetur
1068 2889 1171 2952 beiden
1188 2889 1287 2969 che.

112 2987 239 3072 Lipsiae
264 2989 356 3054 1886.
403 2989 480 3075 Pag.
503 2992 554 3055 59.

201 3097 235 3177 3)
260 3094 344 3180 Aug.
369 3093 543 3174 Wtinscha
567 3096 667 3160 Leltre
689 3098 744 3161 der
764 3098 861 3180 awdlj
878 3097 1009 3177 Apostel
1030 3098 1110 3160 auch
1132 3097 1187 3161 der
1202 3098 1287 3162 Aras-

109 3200 256 3282 peliades
271 3200 491 3282 Metropolitae
506 3200 590 3264 Pau.
606 3200 785 3284 Brycaaios
800 3203 857 3265 mit
872 3201 1056 3284 Becfiipuup
1071 3202 1124 3266 dec
1147 3202 1287 3267 Urtactcs

112 3305 198 3368 achat
219 3303 403 3388 Eiuleitaup
425 3305 492 3369 aad
507 3305 617 3370 Notat.
656 3305 780 3390 Lipsiae
806 3308 899 3371 1884.
939 3306 1017 3392 Pag.
1036 3309 1087 3372 34.
1114 3309 1287 3373 —Editio

113 3407 145 3473 Π
168 3409 254 3473 facta
277 3415 325 3475 est
348 3411 456 3475 eodem
480 3433 572 3475 anno.

199 3515 233 3595 4)
257 3513 294 3580 E.
308 3514 483 3599 Friedberg
494 3515 528 3578 in
540 3513 720 3600 Zettschraft
727 3516 1022 3598 scirKirchcurecht
1037 3516 1093 3596 IX,
1105 3519 1285 3583 408-425.

112 3617 265 3703 Friburgi
287 3624 319 3684 et
341 3619 508 3704 Tubingae
533 3620 626 3683 1884.

201 3726 234 3808 5)
257 3724 290 3789 0.
308 3724 344 3790 Ε.
366 3723 525 3789 Luthardt
547 3727 580 3789 in
604 3725 784 3809 Zeitschrcfl
799 3728 863 3809 fiir
883 3728 1046 3792 tirchltche
1064 3728 1287 3811 ll'isseaschujl

111 3830 179 3894 aad
201 3830 381 3895 tirchliches
403 3831 504 3895 Lehen
527 3829 567 3908 V,
593 3832 776 3897 139-143.
822 3830 947 3915 Lipsiae
973 3832 1066 3896 1884.

199 3935 232 4007 6)
257 3932 292 3998 ll.
308 3932 347 3998 X.
364 3933 467 4014 Funk,
485 3933 588 4019 Opera
603 3940 731 4019 patrum
747 3936 994 4020 apostolicorum
1015 3935 1040 3999 l.
1080 3935 1188 3999 Editio
1203 3959 1286 4001 nova

115 4039 272 4104 Doctrina
294 4039 458 4104 duodecim
480 4039 694 4122 apostolorum
721 4041 864 4105 adaucta.
910 4039 1077 4124 Tubingae
1104 4040 1196 4104 1887.

190 4177 218 4247 a)
237 4176 368 4230 Haruack
386 4175 417 4230 in
444 4177 627 4247 Theolopiscte
646 4178 903 4247 Muaacurreuaaq
927 4177 979 4241 IX,
1000 4179 1102 4233 53-55
1127 4179 1159 4247 (c.
1179 4182 1285 4251 7-16).

237 4263 347 4335 Lipsiae
367 4264 442 4318 1884.
