2918 4890
475 1202 815 1276 FRAGMENTUM
842 1202 1077 1275 LATINUM.

576 1622 729 1692 Doctrina
751 1623 983 1708 apostolorum.

280 1833 305 1898 I.
341 1833 421 1899 Viae
444 1836 524 1900 duae
547 1839 621 1900 sunt
641 1836 676 1899 ia
698 1836 826 1914 saccale,
851 1835 935 1899 vitae
950 1837 982 1898 et
996 1835 1119 1915 mortis,
1145 1836 1222 1900 lacis
1244 1842 1369 1903 eticae-

195 1940 335 2005 brurara.
382 1939 425 2003 Iu
446 1941 497 2005 icis
520 1942 676 2005 constituti
692 1946 765 2006 caat
780 1941 882 2024 capell
900 1941 969 2019 dcc,
992 1960 1076 2004 acca
1091 1941 1265 2022 aequitatis,
1288 1943 1369 2008 ulter

228 2183 315 2236 Inscr.
353 2181 469 2234 Latinus
487 2199 573 2237 unam
592 2184 706 2237 tantum
724 2183 766 2237 in·
779 2183 782 2251 Ι
794 2183 880 2239 verba
894 2183 1038 2239 Barnabas
1050 2183 1116 2247 18,1
1131 2184 1245 2238 tantum
1254 2183 1367 2239 exhibet

195 2270 375 2338 scriptionem
393 2268 480 2323 habet
504 2272 532 2324 et
558 2270 652 2322 omisit
672 2286 766 2324 vocem
793 2288 880 2340 eaque
903 2272 976 2336 sola,
1005 2288 1055 2326 nec
1077 2288 1138 2324 eum
1158 2269 1260 2325 Latino
1278 2271 1365 2325 verba

194 2355 312 2420 δώδεκα,
340 2373 424 2424 quam
450 2356 537 2410 etiam
561 2372 655 2411 omnes
681 2358 766 2411 testes
793 2360 863 2413 citae
880 2365 905 2413 et
922 2361 1015 2413 mortio
1033 2357 1231 2428 praemittens,
1257 2375 1330 2426 quae
1349 2378 1367 2414 a

194 2444 355 2507 omiserunt,
369 2444 417 2513 qui
430 2444 582 2514 scripturae
596 2444 765 2500 mentionem
793 2445 891 2500 ceteris
910 2445 1028 2499 testibus
1052 2444 1212 2499 traduntur.
1249 2444 1368 2500 Lactan-

194 2547 352 2600 expressam
371 2531 503 2595 fecerunt,
524 2530 663 2595 Eusebiae,
679 2531 766 2585 Atha·
794 2532 849 2585 tius
868 2531 980 2601 quidem
994 2532 1086 2587 Divin.
1099 2532 1192 2586 instit.
1207 2532 1254 2597 VI,
1267 2534 1283 2587 3
1296 2537 1369 2588 extr.

197 2618 291 2672 nasius
309 2619 362 2672 ete.
796 2620 906 2676 vocibus
925 2620 982 2674 illis
1002 2621 1101 2677 utitur.
1133 2621 1201 2675 (tum
1215 2622 1310 2675 autem
1323 2639 1370 2678 eo·

229 2705 259 2771 I,
279 2706 301 2758 l.
327 2706 358 2759 ia
380 2707 495 2777 saeculo]
523 2706 598 2762 Haec
625 2708 711 2762 verba
738 2709 766 2762 et
795 2707 858 2762 dem
868 2707 929 2762 loco
941 2709 1048 2762 veteres
1057 2706 1368 2777 impugnansdicentes,

195 2792 261 2856 alia,
282 2792 397 2861 quaein
410 2795 489 2849 textu
502 2811 604 2863 graeco
616 2796 661 2849 vel
676 2794 767 2850 codiee
794 2795 936 2848 humanae
954 2793 1030 2848 vitae
1043 2811 1153 2847 cursum
1166 2795 1211 2849 vel
1224 2794 1293 2848 duas
1305 2796 1370 2850 vias

197 2879 511 2951 Constantinopolitano
530 2881 643 2944 desunt,
663 2880 766 2935 litteris
794 2881 952 2935 litteraeY
978 2881 1081 2934 similes
1109 2897 1180 2943 esse,
1208 2880 1277 2936 duas
1305 2882 1369 2936 vias

194 2966 315 3034 obliquis
330 2969 457 3037 expressi.
490 2967 572 3021 Haud
589 2968 673 3023 dubie
687 2987 704 3022 a
717 2968 767 3023 La·
795 2967 915 3022 disserat
934 2967 1026 3037 potius
1041 2968 1162 3022 alteram
1175 2985 1232 3023 esse
1251 2969 1287 3022 ad
1300 2970 1370 3025 solis

194 3053 254 3108 tino
274 3054 307 3107 de
320 3072 369 3109 suo
382 3055 480 3109 addita
493 3057 566 3122 sunt,
580 3055 683 3125 quippe
696 3073 767 3124 quae
795 3057 888 3109 ortum
906 3071 1076 3118 conversam,
1095 3055 1216 3109 alteram
1235 3056 1271 3109 ad
1290 3074 1371 3112 occa-

194 3140 309 3195 anullo
336 3143 406 3196 teste
425 3142 525 3211 agnita
545 3142 617 3207 sint,
643 3159 767 3212 nequea
795 3158 863 3206 sum,
882 3141 942 3196 iure
961 3141 1131 3207 dubitamus,
1154 3161 1220 3197 num
1239 3161 1318 3200 voces
1338 3146 1370 3200 in

195 3227 326 3282 Barnaba
345 3245 435 3297 neque
454 3229 490 3283 ab
508 3228 667 3284 auctoribus
680 3230 766 3284 (lano-
795 3228 928 3282 Doctrina
942 3229 1038 3297 aliqua
1051 3230 1242 3298 apostolorum
1254 3231 1368 3301 legerit.

196 3331 264 3366 num
276 3313 521 3369 ecclesiasticorum
542 3318 570 3368 et
585 3313 767 3370 Constitutio-
795 3315 868 3384 Epit.
889 3317 922 3369 59
946 3314 1020 3369 idern
1045 3315 1158 3369 scribit:
1187 3315 1368 3385 philosophos

196 3399 765 3466 numapostolicarumAttamenanimad·
795 3403 915 3456 alteram
943 3401 1017 3455 viam
1044 3401 1216 3465 industriae,
1247 3403 1368 3457 alteram

200 3485 364 3540 vertendum
383 3488 432 3549 est,
452 3485 632 3540 lactantium
650 3488 684 3542 de
699 3487 767 3541 dua·
793 3487 912 3541 inertiae
925 3504 982 3542 esse
996 3488 1081 3551 velle;
1101 3487 1199 3542 melius
1213 3490 1308 3558 poetas
1323 3489 1368 3542 al-

197 3575 248 3628 bus
266 3575 398 3628 humanae
409 3574 479 3627 citae
492 3573 544 3627 viis
562 3572 650 3643 (Epit.
664 3575 709 3643 59)
721 3575 766 3629 vel
794 3578 884 3629 teram
902 3575 1048 3641 iustorum,
1068 3575 1188 3629 alteram
1200 3575 1366 3646 impiorum

196 3664 230 3718 de
248 3664 356 3717 duabus
377 3661 428 3716 viis
447 3661 544 3726 dicere,
564 3679 613 3731 per
631 3679 700 3730 quas
719 3662 766 3715 lua
794 3661 880 3715 etiam
911 3661 1011 3715 rectius
1041 3661 1213 3718 Christianos
1245 3664 1369 3719 alteram

195 3769 302 3806 manum
327 3751 409 3804 citum
437 3749 567 3818 progredi
595 3765 702 3803 necesse
725 3751 767 3802 est
794 3749 878 3812 vitae,
897 3748 1016 3802 alteram
1029 3750 1135 3804 mortis.
1155 3780 1187 3788 -
1205 3751 1236 3804 ia
1250 3752 1368 3806 aaron·

195 3838 298 3906 (Divin.
307 3837 400 3891 instit.
410 3836 458 3901 VI,
469 3838 504 3905 3).
527 3867 556 3874 -
576 3839 674 3891 cituco
697 3851 766 3889 mor-
793 3836 891 3905 st'tatc]
917 3834 1050 3890 Similiter
1075 3836 1219 3891 Barnabas
1239 3837 1279 3901 18,
1299 3839 1312 3892 1
1336 3837 1369 3893 in

194 3925 239 3995 tis]
262 3924 311 3978 His
330 3923 442 3980 vocibus
460 3924 545 3977 testes
569 3939 662 3978 omnes
687 3939 767 3991 prae·
794 3922 846 3976 viis
865 3923 1030 3978 constitutos
1048 3940 1105 3978 esse
1123 3926 1240 3994 angelos
1259 3925 1309 3980 Dei
1337 3929 1369 3981 et

197 4011 316 4065 mittunt
334 4013 391 4079 μία.
423 4010 586 4064 Lactantius
599 4027 707 4078 quoque
720 4009 767 4062 Di·
795 4010 910 4078 angelos
923 4010 1044 4065 Satanae
1065 4011 1142 4064 dicit.
1173 4011 1258 4076 Quem
1274 4012 1368 4067 locum

196 4097 253 4150 vin.
271 4097 362 4152 instit.
381 4097 433 4162 Vl,
453 4101 469 4153 3
484 4097 596 4167 pergit:
621 4115 678 4151 una
696 4113 767 4166 quae
795 4097 926 4151 Latinum
939 4098 1113 4168 exscripsisse
1122 4117 1177 4154 non
1187 4102 1230 4154 est
1240 4100 1367 4156 dubium.

194 4184 225 4237 in
243 4185 351 4238 caelum
370 4187 452 4252 ferat,
471 4187 563 4241 altera
581 4202 652 4254 quae
670 4185 706 4239 ad
724 4185 766 4237 iu·
793 4183 944 4240 Praeterea
958 4187 1052 4240 autem
1065 4189 1094 4241 et
1104 4187 1196 4240 Herm.
1210 4186 1305 4241 Mand.
1318 4187 1368 4254 Vl,

197 4271 269 4325 feros
282 4271 431 4341 deprimat.
443 4304 477 4313 -
495 4275 562 4328 lucis
574 4279 599 4327 et
611 4273 674 4343 tea]
694 4273 767 4327 Haec
795 4275 818 4337 2,
836 4274 847 4324 l
860 4274 1009 4341 respexisse
1029 4273 1074 4327 vel
1092 4273 1122 4327 in
1134 4275 1369 4333 mentehabuisse
