2918 4890
362 324 552 381 DUODEOIM
571 325 837 382 APOSTOLORUM
855 327 875 391 Ι,
891 327 979 392 5-11,
1001 327 1025 384 2.
1256 328 1276 393 9

99 510 201 591 potes.
249 503 279 571 b.
310 504 404 570 Omni
422 503 539 585 poterell
560 509 588 568 le
610 505 711 568 lrlbae
731 525 828 585 aeque
848 507 983 584 repetam
1014 503 1161 567 omnibus
1190 504 1276 568 enim
1356 489 1359 494 ’

99 615 193 696 pater
215 611 285 676 vult
307 610 406 676 tribui
429 631 467 674 ex
482 609 547 673 suis
563 610 663 676 donis.
704 609 832 690 Beatus,
856 610 909 694 qui
928 609 983 674 dat
997 611 1168 675 secundum
1184 633 1276 673 man·

100 717 233 795 datum3
257 717 406 780 innocens
430 714 514 779 enim
537 719 594 778 est.
640 712 708 780 Vae
731 715 769 795 ei,
793 714 848 799 qui
872 714 1003 798 accipit;
1029 715 1145 779 etenim
1160 715 1187 778 si
1204 715 1275 798 quis

98 822 249 907 indigens
272 821 397 906 quidem
421 820 545 904 ancipit,
569 821 719 886 innocens
743 822 816 897 erit,
841 821 896 904 qui
919 824 1025 885 autern
1049 841 1111 884 non
1126 819 1273 905 indigens

100 928 228 1012 accipit,
252 928 408 992 rationem
425 926 542 1006 reddet,
566 949 663 1011 quare
686 926 840 1009 acceperit
862 928 895 989 et
917 926 957 989 ad
972 925 1064 1009 quid3
1087 926 1121 987 in
1136 924 1298 988 vinculis⁵

98 1032 293 1097 constitutus
316 1031 496 1116 inquiretur
511 1031 619 1110 decis,
643 1054 723 1116 quae
739 1031 822 1108 fecit,
846 1053 947 1115 neque
965 1031 1061 1095 acilii
1075 1030 1155 1109 lade,
1179 1030 1273 1094 doaee

95 1137 270 1202 reddiderit
291 1117 495 1200 masalmam
518 1136 730 1217 quadrantem.
777 1137 807 1199 6.
840 1133 901 1198 Sed
933 1135 971 1199 de
1002 1135 1062 1198 bae
1083 1156 1118 1198 re
1148 1155 1274 1217 quoque

98 1242 222 1306 dictum
247 1245 310 1306 est:
335 1240 455 1305 Sadalo
478 1241 667 1323 eleemosyna
689 1246 744 1305 lua
765 1241 801 1304 la
822 1240 968 1304 mamilla
989 1240 1061 1317 lule,
1088 1238 1182 1303 donec
1204 1258 1271 1320 coy-

97 1347 230 1426 nooeria
255 1349 305 1411 eal
327 1347 387 1411 des,

186 1449 228 1515 H.
264 1449 441 1516 Secundum
465 1453 571 1514 autem
595 1449 778 1513 mandatum
795 1448 973 1513 doctrinae:
996 1449 1026 1512 2.
1050 1446 1124 1510 Nora
1147 1447 1271 1525 occides,
1287 1457 1312 1492 ¹⁰

96 1576 164 1619 νιοντ
185 1555 372 1620 adulterium
388 1556 501 1638 facies,
525 1577 639 1639 pueros
663 1578 726 1619 non
750 1577 941 1638 corrumpas,
967 1576 1031 1617 non
1054 1552 1271 1629 fornicaberis,

92 1680 161 1723 ιιοιν
176 1660 350 1742 furaberis,
374 1684 438 1724 non
453 1661 642 1739 incantabis,
661 1682 816 1724 venenum
834 1652 898 1723 non
914 1657 1069 1735 miscebis,
1093 1679 1157 1720 non
1170 1657 1271 1721 inter-

93 1763 183 1829 ficies
206 1763 327 1829 foetum
348 1765 382 1828 in
405 1765 570 1830 abortione
594 1787 695 1849 neque
710 1765 872 1830 interimes
888 1765 1047 1828 infantem
1062 1767 1184 1841 natum,
1208 1781 1272 1825 ιιονι

97 2025 249 2080 discrimen
267 2026 401 2082 eiusmodi
415 2046 470 2082 non
483 2028 540 2081 fiat.
571 2029 671 2083 Aucto·
699 2028 772 2083 forte
786 2026 992 2096 eleemosynam
1008 2045 1064 2082 non
1074 2024 1271 2080 essedandam.

96 2131 158 2167 rem
176 2113 288 2182 insuper
301 2113 368 2168 Gen.
383 2118 406 2178 3,
422 2117 453 2169 19
468 2133 522 2170 non
535 2114 564 2169 in
578 2117 671 2168 mente
699 2114 848 2169 Praeterea
874 2114 959 2169 verba
985 2131 1046 2167 cum
1074 2111 1189 2167 alterius
1206 2110 1271 2173 sint,

94 2199 228 2254 habuisse
243 2201 309 2256 inde
321 2203 454 2271 sequitur,
474 2202 548 2271 quod
561 2221 616 2257 non
629 2220 670 2257 so·
698 2220 754 2257 non
766 2202 895 2266 auctoris,
903 2219 960 2257 non
969 2200 1051 2255 nimis
1064 2199 1190 2269 urgenda
1198 2199 1271 2251 sunt.

94 2289 155 2341 lum
173 2288 350 2350 sententiam,
370 2290 517 2345 sedetiam
532 2288 616 2343 verba
629 2289 671 2342 al·
734 2289 773 2352 ΙΙ,
803 2292 824 2343 l.
854 2288 976 2343 Plurimi
1000 2287 1131 2362 δευτέραν
1158 2282 1273 2355 ἐντολὴν

95 2376 193 2445 legare
212 2375 310 2431 voluit.
347 2376 447 2445 Itaque
460 2376 607 2430 fatendum
620 2378 669 2438 est,
698 2388 755 2446 τῆς.
766 2381 882 2457 διδαχῆςΙ
893 2377 932 2430 d'e
940 2365 1076 2455 mandato
1088 2374 1207 2456 secundo
1226 2372 1272 2426 vel

95 2462 272 2532 Scriptorum
289 2463 370 2517 illam
384 2481 433 2519 nos
445 2464 541 2517 latere.
571 2464 670 2517 Sensus
698 2464 732 2517 de
741 2465 878 2519 mandato
888 2462 990 2519 amoris
1001 2460 1273 2532 prosimiir‘rtellexe·

94 2553 151 2605 cst:
171 2554 286 2605 maneat
304 2551 480 2618 eleemosyna
498 2553 548 2604 tua
566 2551 596 2604 in
610 2568 669 2604 ma·
697 2555 772 2604 runt.
810 2551 878 2604 Cum
898 2553 992 2605 autem
1014 2550 1045 2604 in
1064 2551 1146 2619 parte
1163 2565 1271 2618 praece·

94 2636 177 2691 nibus
196 2636 260 2701 tuis,
279 2637 409 2706 quamvis
423 2655 462 2702 eo,
480 2639 553 2707 quod
567 2637 615 2690 diu
627 2654 669 2691 re·
697 2638 781 2693 dente
799 2656 856 2693 non
875 2639 909 2692 de
925 2637 1061 2692 mandato
1074 2636 1164 2706 primo
1178 2636 1221 2690 vel
1236 2636 1270 2690 de

94 2723 211 2787 tinctor,
224 2724 317 2779 calida
329 2726 388 2790 fiat,
403 2726 488 2780 donec
499 2723 668 2795 cognoveris,
696 2724 832 2779 mundato
851 2725 954 2781 amoris
973 2724 1024 2778 Dei
1043 2726 1158 2793 agatur,
1184 2722 1270 2776 verba

93 2810 137 2866 cni
165 2811 221 2866 des.
261 2811 365 2865 Similis
394 2812 535 2867 sententia
564 2812 669 2879 legitur
700 2812 784 2866 aliter
802 2812 982 2881 explananda
1006 2814 1080 2863 sunt.
1117 2811 1220 2864 Auctor
1238 2808 1269 2862 in

94 2897 192 2952 Siracb
205 2899 246 2961 12,
258 2900 340 2952 1-6:
355 2896 405 2956 ἐὰν
420 2894 451 2956 εὖ
465 2903 554 2970 ποιῇς,
569 2905 668 2973 γνῶθι,
695 2898 748 2952 hac
768 2902 849 2967 parte
868 2917 923 2954 non
940 2898 1104 2952 mandatum
1118 2897 1267 2951 secundum

93 2988 147 3042 rba
165 2994 254 3052 ποιεῖς
271 2992 329 3042 κτλ.
367 2987 442 3041 Idem
470 2986 566 3041 scribit
589 2988 668 3040 iuxta
696 2985 846 3054 explicare,
873 2987 920 3040 sed
944 2984 1037 3054 potins
1056 2984 1133 3038 aliud
1153 2983 1268 3036 manda

93 3071 166 3125 Lxx
187 3073 234 3135 29,
256 3074 295 3136 12,
319 3075 468 3143 postquam
488 3091 569 3129 versu
588 3091 668 3144 prae·
696 3075 757 3125 tum
777 3073 821 3128 vel
841 3074 899 3128 alia
914 3074 1050 3127 mandata
1064 3073 1099 3125 ad
1114 3071 1269 3126 sententias

94 3158 211 3214 cedente
230 3160 266 3214 ad
281 3160 406 3213 dandum
425 3161 584 3217 admonuit:
604 3162 668 3235 σύγ-
696 3178 782 3229 supra
805 3161 962 3230 propositas
988 3159 1168 3229 explicandas
1192 3158 1267 3213 exhi-

91 3253 204 3305 κλειοον
222 3245 407 3318 ἐλεημοσύνην
425 3245 455 3304 ἐν
472 3257 531 3316 τοῖς
546 3253 669 3319 ταμείοις
696 3249 760 3303 bere
770 3251 844 3313 vult;
857 3250 1041 3321 prosequitur,
1053 3251 1086 3302 ut
1098 3248 1161 3302 aliis
1175 3249 1269 3302 verbis

92 3354 158 3399 σου,
186 3338 231 3390 καὶ
249 3331 317 3404 αὕτη
335 3333 466 3403 ἐξελεῖταί
484 3357 515 3393 σε
532 3335 563 3393 ἐκ
580 3337 669 3409 πάσης
697 3336 800 3401 dicam,
820 3336 1034 3407 explicationem
1053 3337 1139 3391 trium
1158 3341 1268 3391 senten·

91 3420 249 3488 κακώσεως,
268 3439 330 3476 cum
351 3423 477 3491 Vulgata
494 3425 535 3486 29,
556 3425 587 3477 15
608 3442 668 3479 ver·
694 3424 813 3491 tiaram,
837 3441 922 3493 quam
942 3442 1027 3494 supra
1044 3425 1162 3494 incepit,
1183 3423 1268 3494 expli-

91 3510 153 3563 tat:
172 3509 304 3564 conclude
322 3510 526 3578 eleemosynam
544 3511 574 3566 in
587 3513 668 3568 corde
695 3512 799 3567 cationi
818 3512 904 3582 priori
922 3515 1042 3567 alteram
1055 3511 1184 3568 adiciens.
1215 3512 1268 3565 Ex-

92 3595 232 3665 pauperis,
252 3599 281 3650 et
299 3597 367 3651 haec
385 3615 435 3667 pro
448 3601 477 3652 te
488 3600 616 3654 exorabit
631 3601 667 3654 ab
694 3601 875 3669 plicationem
888 3604 983 3654 autem
995 3601 1077 3654 illam
1089 3618 1146 3657 non
1161 3598 1266 3668 simpli-

91 3682 168 3739 omni
187 3683 271 3738 malo.
296 3683 415 3738 Oracula
426 3685 523 3753 Sibyll.
535 3686 614 3748 lma
623 3705 667 3742 ex·
694 3689 764 3742 citer
784 3689 943 3751 continuat,
968 3688 1016 3741 sed
1041 3687 1128 3741 aliam
1147 3686 1266 3748 exhibet,

90 3771 202 3826 hibent:
220 3769 315 3845 ἱδρῶσι
327 3772 454 3844 σταχύων
461 3776 532 3848 χειρὶ
539 3773 668 3848 χρῄζοντι
694 3776 842 3844 respiciens
869 3777 971 3832 Matth.
1003 3779 1048 3840 19,
1075 3776 1192 3835 16-19‚
1219 3772 1268 3825 ubi

90 3859 244 3934 παράσχου.
270 3889 305 3898 -
328 3860 424 3934 μέχρις
442 3858 476 3918 ἂν
493 3872 567 3938 γνῷς
590 3887 614 3921 τ.
632 3869 666 3939 d]
696 3865 830 3920 Dominus
860 3864 1073 3934 descriptionem
1102 3865 1164 3916 viae
1191 3861 1267 3916 vitas

92 3946 142 4000 liis
162 3947 254 4000 verbis
278 3952 375 4002 auctor
401 3949 567 4005 mandatum
586 3953 668 4008 dimi·
693 3954 791 4007 iisdem
805 3952 895 4006 verbis
907 3953 1015 4022 incipit,
1035 3949 1206 4005 adulescenti
1224 3949 1267 4004 in-

92 4033 170 4095 nuit,
195 4034 269 4102 quod
293 4053 378 4104 supra
406 4037 496 4090 verbis
520 4045 603 4097 παντὶ
628 4052 667 4119 τῷ
694 4042 859 4110 terroganti,
879 4040 946 4110 quid
965 4038 1030 4094 boni
1049 4038 1144 4099 faciat,
1167 4040 1199 4091 ut
1216 4039 1267 4092 ha-

90 4120 216 4178 αἰτοῡντί
238 4142 270 4178 σε
293 4125 369 4180 δίδου
390 4130 447 4180 κτλ.
476 4134 666 4197 proposuerat.
694 4130 760 4183 beat
780 4129 869 4182 vitam
887 4131 1033 4182 aeternam
1059 4127 1103 4179 vel
1121 4125 1158 4179 ad
1177 4125 1267 4179 vitam

91 4209 229 4263 Attamen
253 4227 309 4265 non
332 4212 417 4279 plane
441 4212 495 4266 sibi
518 4219 666 4286 repugnat.
693 4199 878 4285 ingladiatur,
898 4213 1079 4283 respondens:
1098 4211 1161 4267 Non
1179 4213 1268 4268 homi-

95 4294 160 4354 Non
179 4296 312 4352 distincte
323 4299 426 4354 saltem
444 4299 513 4356 dicit
524 4304 668 4358 nonnullis
694 4304 798 4360 cidium
817 4304 908 4368 facies,
928 4319 985 4357 non
1003 4299 1179 4355 adulterabis
1197 4304 1250 4356 etc
