2918 4890
328 263 357 327 ⁸
527 311 704 375 unarum
724 312 934 378 arnamar.
1211 313 1318 390 rxm

135 486 281 569 tempore
304 480 341 548 de
364 504 400 548 eo
423 482 573 566 erigendo
594 481 684 565 loqui
700 482 815 564 potuit.
864 479 966 556 Quam
989 483 1029 547 ob
1052 481 1208 548 rationem
1231 482 1317 547 Har·

135 591 222 655 nack
236 588 262 674 1)
295 589 476 672 nuperrime
499 589 690 670 scripturam
715 587 799 651 inter
823 608 922 651 annos
946 589 988 652 96
1010 592 1042 653 et
1067 589 1128 652 125
1153 592 1317 652 exaratam

117 717 204 760 ¹esse
229 693 392 758 concessit.

225 799 309 863 Mihi
331 804 456 882 tempus
479 797 633 881 epistulae
655 797 762 879 potius
784 819 801 860 e
824 796 928 880 capite
944 796 990 862 IV
1013 798 1226 863 definiendum
1250 820 1317 862 csse

89 948 92 985 ,
132 907 274 985 videtur,
290 905 346 969 ubi
361 927 417 969 rex
432 925 551 987 parvus
563 906 840 982 commemoratur,
851 902 957 966 decem
973 908 1185 969 antecessores
1195 903 1317 968 habens

133 1032 313 1095 eorumque
336 1015 401 1074 tres
425 1009 520 1073 simul
542 1008 725 1072 humilians.
771 1007 872 1072 locus
895 1008 981 1072 haud
1004 1009 1100 1073 dubie
1122 1031 1159 1073 ex
1182 1007 1319 1072 historia

136 1115 359 1180 Romanorum
383 1114 587 1198 explicandus
611 1118 668 1194 est,
693 1117 725 1177 et
740 1112 847 1178 Nerva
867 1135 977 1178 revera
992 1115 1175 1179 undecimus
1190 1114 1246 1177 ille
1263 1135 1318 1177 rex

134 1221 253 1286 haberi
276 1225 393 1304 potest.
438 1219 477 1285 In
500 1220 647 1304 catalogo
671 1220 899 1302 imperatorum
928 1219 1056 1303 quidem
1078 1223 1188 1284 nostro
1211 1216 1319 1283 Nerva

134 1326 362 1391 duodecimum
378 1326 482 1389 locum
499 1324 642 1401 obtinet;
666 1323 759 1387 facile
771 1326 877 1386 autem
891 1323 1073 1387 undecimus
1088 1324 1318 1407 appellabatur,

134 1453 213 1495 cum
236 1428 388 1494 Vitellius
411 1429 444 1492 in
464 1428 614 1513 Aegypto
637 1449 700 1492 non
724 1427 837 1491 fuisset
861 1428 1000 1512 agnitus.
1046 1428 1133 1493 Idem
1156 1450 1231 1492 vero
1254 1432 1318 1492 tres

135 1539 355 1599 antecessores
378 1534 474 1599 simul
497 1533 678 1617 deposuisse
701 1532 762 1597 dici
784 1533 907 1616 potuit,
932 1537 964 1597 et
987 1533 1114 1617 quidem
1137 1532 1256 1616 duplici
1280 1555 1319 1597 ex

140 1662 250 1721 causa,
274 1644 344 1704 tum
367 1639 442 1723 quia
464 1639 691 1723 Vespasianus,
715 1637 807 1702 Titus
830 1660 867 1702 ac
881 1637 1085 1703 Domitianus
1101 1639 1194 1703 unius
1210 1638 1319 1722 stirpis

136 1748 243 1825 erant,
267 1750 337 1809 tum
361 1745 436 1829 quia
454 1744 657 1809 Domitianus
681 1747 762 1807 teste
784 1741 936 1807 Suetonio
960 1742 1093 1827 (Domit.
1115 1765 1144 1809 c.
1162 1743 1216 1826 15)
1241 1743 1319 1806 duos

138 1849 227 1914 filios
251 1849 317 1914 Titi
341 1848 445 1913 Flavii
461 1848 633 1914 Clementis
656 1837 793 1914 coiisulis
810 1846 958 1912 Caesares
977 1847 1082 1933 elegit.
1119 1847 1227 1913 Nerva
1243 1869 1320 1932 ergo

137 1955 286 2039 profecto
316 1955 419 2019 tribus
449 1954 579 2039 regibus
609 1953 705 2018 simul
732 1953 882 2036 depositis
914 1953 953 2017 ad
976 1953 1143 2036 imperium
1167 1954 1319 2037 pervenit.

137 2060 301 2126 Nonnulli
324 2081 432 2144 regem
454 2081 589 2142 parvum
612 2059 650 2123 dc
665 2057 862 2141 Vespasiano
885 2057 935 2122 vel
959 2058 996 2122 de
1011 2058 1197 2122 Domitiano
1220 2058 1320 2123 inter·

139 2167 263 2251 pretati
293 2170 377 2230 sunt.
422 2163 483 2230 Sed
506 2164 580 2244 ille,
612 2164 737 2228 etiamsi
766 2163 831 2227 iam
855 2162 955 2228 lulius
979 2161 1094 2227 Cacsar
1122 2168 1320 2242 numeratur,

142 2273 231 2336 inter
253 2272 460 2355 imperatores
484 2270 611 2333 nonnisi
634 2269 788 2334 decimum
808 2269 911 2333 locum
928 2269 1071 2345 obtinet;
1095 2266 1147 2331 hic
1163 2269 1321 2351 quomodo

141 2382 210 2441 tres
233 2381 445 2441 antecessores
469 2375 561 2439 simul
578 2374 808 2454 humiliaverit,
833 2375 927 2459 plane
942 2373 1142 2459 incognitum
1159 2377 1215 2437 est.
1254 2371 1321 2437 Ita-

143 2504 207 2567 que
230 2483 419 2565 scripturam
442 2480 550 2546 Nerva
572 2481 747 2565 imperante
770 2481 820 2544 vel
843 2484 985 2563 tempore
1008 2478 1155 2561 proximo
1178 2482 1321 2542 exortam

142 2610 212 2653 esse
234 2588 304 2651 iure
334 2587 511 2670 meritoque
541 2608 712 2650 censemus.
758 2585 806 2649 nf.
838 2608 919 2668 quae
941 2586 979 2649 de
1001 2587 1144 2665 tempore
1167 2583 1322 2667 epistulae

141 2693 304 2777 disputavi
327 2692 361 2755 in
388 2693 416 2755 Τ
415 2691 600 2774 teolopr'scte
627 2689 872 2772 Quartolsclrrtft
897 2689 981 2752 1884
1005 2711 1035 2771 p.
1060 2689 1177 2752 3-33.

459 3039 773 3107 suueunuruu
795 3037 1008 3105 uurruuu.

232 3216 464 3301 Fragmentum
486 3216 658 3281 Doctrinae
681 3215 898 3299 apostolorum
921 3215 1071 3293 latinum,
1096 3216 1181 3298 quod
1203 3216 1236 3278 in
1260 3217 1321 3281 hoc
1434 3288 1437 3293 ,

146 3322 230 3386 libro
255 3321 367 3405 quinto
391 3321 441 3386 vel
463 3321 577 3386 ultimo
599 3321 668 3386 loco
691 3322 776 3407 typis
794 3319 943 3403 expressi,
966 3319 1071 3383 codice
1092 3319 1242 3399 traditur,
1266 3323 1322 3405 qui

143 3426 178 3489 in
209 3425 348 3490 claustro
372 3425 460 3490 Melk
494 3427 527 3490 in
556 3426 684 3491 Austria
712 3426 863 3490 inferiore
893 3426 955 3489 sito
978 3429 1167 3489 asservatur.
1212 3425 1323 3491 lama

143 3529 307 3594 Bernardo
329 3528 390 3594 Pez
413 3553 440 3595 a.
467 3532 550 3597 1723
581 3532 613 3595 in
638 3535 729 3614 parte
760 3531 896 3595 secunda
926 3528 1006 3592 tomi
1038 3530 1144 3614 quarti
1167 3529 1323 3595 Thesauri

144 3635 370 3699 anecdotorum
398 3635 571 3701 novissimo
593 3660 623 3720 p.
649 3638 731 3721 5sq.
764 3637 883 3701 editum
907 3638 964 3699 est.
1010 3633 1201 3719 Nupcrrime
1224 3635 1259 3700 0.
1285 3639 1323 3701 de

146 3738 312 3804 Gebhardt
334 3739 455 3824 primus
479 3741 621 3805 animum
642 3743 682 3806 ad
697 3742 915 3826 fragmentum
939 3740 1079 3804 advertit
1101 3741 1230 3825 eiusque
1253 3744 1323 3804 tex·

144 3849 215 3909 tum
246 3845 281 3909 in
311 3845 448 3911 editione
482 3847 652 3913 Doctrinae
683 3846 910 3911 Harnackiana
943 3868 973 3928 p.
997 3845 1170 3908 275—286
1205 3845 1323 3909 recusit

144 3949 391 4034 illustravitque.

234 4053 356 4135 Codex,
388 4056 443 4140 qui
475 4056 670 4142 aliquamdiu
702 4057 882 4140 deperditus
909 4077 976 4120 esse
1000 4053 1183 4133 videbatur,
1215 4076 1323 4119 mense

218 4281 242 4352 1)
262 4280 316 4334 Die
334 4280 422 4334 neure
439 4281 486 4334 der
503 4297 548 4337 aru.
567 4282 620 4350 Ap.
641 4280 749 4350 Proleg.
768 4300 797 4352 p.
816 4283 849 4336 85
869 4282 930 4338 not.
948 4282 972 4337 9.
