2918 4890
334 328 554 386 SANCTORUM
574 328 836 386 APOSTOLORUM
856 329 917 398 VII,
937 332 979 395 25,
991 331 1086 397 4-27,
1101 332 1125 388 1.
1271 336 1313 401 93

138 491 220 557 haec
247 492 395 576 antitypa
416 491 628 569 celebramus,
652 512 724 553 cum
746 491 814 574 ipse
836 491 928 555 nobis
950 494 1151 558 constituerit
1185 500 1313 559 mortem

135 598 228 662 illius
250 598 459 676 oranuutior65
481 618 537 680 per
559 595 664 678 ipsum
687 595 772 659 enim
794 596 854 659 tihi
878 597 975 660 etiam
997 597 1101 682 gloria
1123 599 1310 664 insaecula.

142 701 253 767 Amen.
300 702 329 766 5.
351 700 469 766 Nullus
492 723 587 785 porro
611 723 736 779 eorum,
766 701 822 785 qui
852 702 971 766 initiati
998 726 1063 768 non
1085 709 1176 784 sunt,
1207 729 1245 770 ex
1268 706 1312 770 eis

137 808 301 886 comedat3
325 807 380 872 sed
401 807 461 871 soli
483 807 522 886 ei,
550 806 605 889 qui
628 805 782 889 baptizati
805 806 936 870 fuerunt
958 807 991 870 in
1014 808 1144 873 Domini
1166 814 1311 875 mortem.

136 912 168 979 6.
192 911 228 978 Si
251 912 322 996 quis
344 933 419 976 vero
442 933 506 975 non
529 910 675 974 initiatus
691 911 840 974 celaverit
855 912 1004 996 seipsum
1027 918 1060 978 et
1075 915 1120 979 sic
1135 916 1311 979 communi·
1339 934 1351 970 ο

135 1018 275 1098 caverit,
300 1017 451 1082 iudicium
472 1015 642 1080 morrdacct
664 1019 846 1094 aeternum,
879 1018 962 1100 quod
985 1040 1050 1082 non
1073 1020 1216 1084 addictus
1239 1019 1312 1083 fidei

134 1125 172 1188 in
197 1122 362 1188 Christum
385 1122 531 1206 sumpsit,
560 1144 641 1206 quae
662 1123 711 1186 ias
734 1144 798 1186 non
822 1126 909 1200 erat,
940 1123 974 1186 in
997 1125 1187 1209 supplicium
1209 1149 1311 1190 suum.

135 1227 172 1295 Si
188 1228 260 1313 quis
277 1231 384 1292 autem
404 1249 460 1311 per
475 1226 691 1312 ignorantiam
708 1227 956 1310 participaverit,
979 1229 1064 1294 huno
1084 1231 1147 1295 cito
1162 1232 1312 1295 instruite

135 1356 174 1398 ac
197 1333 356 1417 baptismo
378 1333 514 1411 initiate,
537 1354 577 1396 ne
600 1335 800 1416 contemptor
823 1337 923 1398 exeat.

225 1435 343 1503 XXVI.
381 1435 459 1501 Post
481 1437 734 1501 communionem
757 1460 831 1502 vero
847 1439 892 1502 sic
906 1439 1027 1524 gratias
1045 1441 1150 1524 agite:
1175 1441 1204 1504 2.
1229 1438 1349 1504 Gra-10

135 1545 201 1609 tias
224 1545 350 1630 agimus
366 1543 436 1622 tibi,
459 1541 545 1607 Deus
568 1546 600 1607 et
616 1547 708 1626 pater
723 1542 795 1607 Iesu
810 1544 977 1609 salvatoris
994 1545 1104 1624 nostri,
1127 1567 1186 1628 pro
1202 1550 1310 1610 sancto

137 1651 269 1715 nomine
291 1653 357 1728 tuo,
382 1647 466 1732 quod
489 1647 636 1712 habitare
657 1647 760 1712 fecisti
783 1649 815 1711 in
839 1649 941 1729 nobis,
965 1655 997 1714 et
1012 1672 1069 1734 pro
1082 1651 1264 1735 cognitione
1279 1656 1312 1716 et

137 1756 202 1821 fide
224 1760 257 1821 et
280 1755 413 1820 caritate
436 1756 468 1818 et
490 1753 750 1833 immortalitate,
774 1777 855 1839 quae
877 1755 992 1819 dedisti
1014 1755 1106 1819 nobis
1129 1778 1184 1839 per
1207 1754 1311 1820 lesum

137 1861 304 1927 Christum
327 1858 430 1923 filium
454 1862 555 1923 tuum.
601 1861 630 1924 3.
656 1859 713 1938 Tu,
738 1859 873 1924 Domine
896 1861 1106 1944 omnipotens,
1132 1860 1216 1925 Deus
1239 1863 1311 1926 uni-

139 1988 323 2046 versorum,
347 1965 402 2049 qui
426 1964 540 2028 creasti
562 1964 715 2027 mundum
746 1968 778 2028 et
800 1988 881 2049 quae
905 1969 979 2029 sunt
1002 1966 1033 2028 in
1060 1988 1095 2030 eo
1118 1989 1174 2050 per
1196 1967 1310 2050 ipsum,
1325 1985 1350 2021 1⁵

141 2076 174 2137 et
195 2072 301 2157 legem
323 2069 485 2134 inseruisti
514 2067 547 2130 in
571 2068 736 2132 animabus
760 2069 895 2146 nostris,
928 2072 960 2133 et
991 2070 1088 2134 victui
1111 2073 1312 2136 accommoda

138 2175 336 2261 praeparasti
357 2173 556 2247 hominibus3
580 2172 665 2237 Deus
682 2177 863 2238 sanctorum
886 2178 917 2239 et
933 2175 1168 2258 inculpatorum
1183 2180 1311 2259 patrum

139 2286 332 2360 nostrorum,
350 2279 516 2344 Abraham
527 2281 560 2342 et
576 2276 664 2342 Isaac
679 2282 711 2343 et
724 2278 828 2360 Iacob,
845 2280 986 2345 fidelium
998 2303 1160 2345 servorum
1172 2284 1311 2361 tuorum,

139 2386 225 2452 Deus
248 2390 371 2470 potens,
394 2384 497 2449 fidelis
520 2387 552 2449 et
574 2408 670 2449 verax
692 2390 724 2450 et
747 2386 780 2449 in
803 2387 966 2470 promissis
988 2409 1052 2451 non
1076 2388 1225 2466 mendax,
1257 2389 1312 2472 qui

137 2493 254 2558 misisti
276 2492 310 2557 in
333 2495 449 2556 terram
474 2488 579 2554 lesum
595 2488 758 2554 Christum
774 2494 876 2570 tuum,
899 2495 935 2555 ut
950 2514 1021 2555 cum
1036 2492 1219 2556 hominibus
1235 2515 1310 2557 con·
1325 2513 1350 2549 2⁰

136 2600 317 2664 versaretur
339 2599 503 2678 tamquam
526 2594 638 2674 homo,
669 2617 741 2659 cum
763 2595 805 2659 sit
834 2598 866 2659 et
888 2596 972 2660 Deus
996 2598 1128 2661 verbum
1151 2602 1182 2661 et
1204 2596 1310 2678 homo,

138 2709 170 2769 et
193 2726 332 2769 errorem
354 2701 506 2766 radicitus
530 2700 695 2778 evelleret;
720 2702 750 2764 4.
767 2700 835 2784 ipse
852 2704 883 2764 et
899 2722 983 2763 nunc
999 2723 1055 2784 per
1065 2724 1136 2765 eum
1152 2706 1310 2766 memento

140 2810 271 2874 huiusce
294 2811 420 2872 sanctae
436 2808 583 2872 ecclesiae
599 2811 682 2886 tuae,
707 2829 802 2890 quam
823 2806 987 2889 acquisisti
1001 2807 1141 2890 pretioso
1156 2808 1312 2891 sanguine

138 2914 259 2979 Christi
281 2913 346 2990 tui;
371 2917 466 2997 atque
489 2936 558 2976 eam
582 2912 622 2977 ab
645 2913 733 2976 omni
755 2911 839 2976 malo
862 2912 972 2990 libera,
995 2915 1027 2975 et
1043 2913 1157 2994 perfice
1172 2911 1261 2975 illam
1277 2914 1311 2976 in

137 3021 270 3084 caritate
292 3022 349 3082 tua
370 3021 403 3082 et
425 3018 559 3083 veritate
582 3023 647 3097 tua,
671 3021 703 3082 et
726 3040 783 3081 nos
807 3040 914 3081 omnes
937 3038 1097 3102 congrega
1120 3018 1152 3080 in
1176 3039 1311 3101 regnum
1325 3036 1350 3072 25

137 3130 239 3204 tuum,
256 3124 341 3208 quod
355 3124 553 3207 praeparasti
569 3124 607 3187 ei.
647 3125 676 3188 5.
693 3123 806 3186 Maran
823 3122 908 3186 atha.
939 3122 1092 3185 Hosanna
1111 3121 1179 3185 filio
1195 3121 1309 3186 David.

137 3229 342 3309 Benedictrm,
372 3232 428 3311 qai
449 3231 530 3294 venit
560 3231 594 3292 in
616 3231 740 3293 liciniae
762 3227 913 3306 Domiru',
943 3227 1028 3291 Deus
1051 3227 1225 3307 Dominus,
1256 3229 1311 3312 qui

137 3335 286 3419 apparuit
318 3334 409 3398 nobis
438 3335 472 3397 in
500 3357 602 3398 carne.
649 3336 677 3399 o.
710 3332 742 3396 Si
766 3333 837 3416 quis
860 3336 987 3395 sanctus
1021 3336 1084 3411 est,
1109 3333 1251 3410 accedat;
1283 3333 1311 3397 si

137 3441 209 3524 quis
234 3462 308 3505 vero
330 3441 404 3504 talis
427 3463 492 3504 non
515 3444 572 3518 est,
596 3439 653 3502 fiat
676 3461 731 3522 per
747 3438 985 3521 paenitentiam.
1032 3434 1230 3501 Committite
1254 3461 1311 3501 au-

138 3551 204 3609 tem
227 3551 259 3610 et
281 3546 473 3630 presbyteris
497 3545 620 3622 vestris,
644 3547 680 3607 ut
702 3544 823 3628 gratias
846 3548 955 3628 agant.
1326 3569 1350 3605 30

224 3647 358 3713 XXVII.
398 3649 459 3714 Pro
476 3652 640 3732 unguento
657 3652 763 3712 autem
778 3648 863 3711 hunc
878 3648 911 3711 in
925 3648 1052 3711 modum
1068 3647 1189 3732 gratias
1206 3648 1311 3731 agite:

138 3753 266 3819 Gratias
290 3754 415 3837 agimus
431 3755 501 3836 tibi,
525 3755 610 3818 Deus
632 3758 755 3818 creator
771 3755 923 3832 omnium,
948 3754 1043 3817 etiarn
1060 3776 1117 3836 pro
1133 3753 1312 3836 fragrantia

140 3860 296 3944 unguenti
319 3864 351 3923 et
373 3882 431 3942 pro
453 3860 628 3924 immortali
651 3859 794 3938 saeculo,
824 3860 908 3943 quod
936 3857 1109 3921 notificasti
1141 3856 1232 3920 nobis
1255 3879 1312 3940 per

165 4126 188 4174 5.
208 4119 403 4195 εὐλογημένος]
424 4120 526 4175 Matth.
546 4120 588 4184 21,
607 4124 631 4172 ll.
724 4122 784 4173 'tas
792 4119 899 4189 gratias
907 4134 989 4186 agere
999 4116 1074 4180 sinit,
1082 4118 1204 4184 quantas
1214 4115 1311 4168 velint.

164 4212 187 4263 6.
197 4208 404 4284 πρεσβυτέροις]
412 4208 462 4263 i.e.
470 4208 648 4277 presbyteris,
655 4226 711 4263 non
773 4205 884 4270 XXVII,
906 4210 927 4259 l.
954 4213 1017 4277 περὶ
1030 4224 1052 4259 τ.
1065 4203 1166 4276 μύρου]
1178 4202 1311 4258 Doctrina

138 4299 228 4353 solum
236 4298 372 4368 episcopo.
383 4295 711 4364 Doctrina10,7prophe·
737 4295 808 4347 nihil
829 4293 904 4347 dicit.
