2918 4890
177 274 252 342 LVI
625 274 904 329 eaonecouaus.

183 434 346 519 pellatum.
394 434 456 499 Res
488 439 595 499 autem
626 455 690 497 non
713 437 761 497 est
784 439 878 498 certa.
923 435 1064 500 Libellus
1086 460 1106 500 a
1128 434 1246 501 Rufino
1269 459 1360 501 com·

181 544 374 603 memoratus
403 540 538 603 fortasse
569 538 726 622 scriptura
755 539 869 603 similis
896 562 980 603 nunc
1003 541 1166 625 deperdita
1188 542 1259 605 fuit.
1307 541 1357 606 Cf.

179 668 275 729 supra
301 669 331 730 p.
355 643 429 709 VII.

267 749 332 815 Ubi
355 749 481 814 libellus
505 750 667 814 confectus
691 753 752 827 sit,
785 772 823 813 ex
845 750 915 832 ipso
939 772 1011 813 cum
1034 751 1224 816 certitudine
1246 752 1359 836 colligi

180 855 301 939 nequit.
346 853 464 919 Fontes
488 855 582 934 enim,
606 877 644 918 ex
669 855 783 938 quibus
807 859 917 918 auctor
939 854 1057 933 hausit,
1084 878 1147 919 non
1170 856 1284 921 idonea
1308 860 1359 919 te-

179 959 330 1023 stimonia
353 963 437 1038 sunt,
461 981 532 1024 cum
557 961 732 1043 scripturae
754 982 818 1024 non
841 960 946 1024 solum
968 960 1014 1023 ibi
1037 961 1195 1045 legantur,
1220 962 1276 1025 ubi
1298 985 1359 1025 ex-

180 1067 269 1127 ortae
302 1069 393 1143 sunt,
427 1064 481 1128 sed
517 1065 612 1128 etiam
646 1065 679 1127 in
711 1064 790 1129 alias
819 1064 998 1148 provincias
1032 1066 1229 1149 perveniant.
1275 1065 1359 1130 Cum

179 1173 285 1233 autem
309 1168 434 1233 libellus
464 1168 498 1231 in
520 1167 650 1233 ecclesia
682 1169 870 1253 aegyptiaca
902 1169 1124 1234 auctoritatem
1146 1171 1279 1253 adeptus
1302 1170 1359 1248 sit,

180 1298 253 1337 cum
277 1275 309 1338 in
334 1274 483 1360 Aegypto
507 1273 717 1357 compositum
740 1296 807 1338 esse
829 1274 1015 1338 concludere
1038 1274 1121 1339 licet.

269 1378 409 1443 Libellus
443 1379 546 1442 tribus
578 1378 738 1443 codicibus
770 1381 891 1464 graecis
924 1383 955 1443 et
985 1380 1183 1444 versionibus
1209 1378 1359 1463 pluribus

179 1485 337 1549 veteribus
360 1484 497 1548 traditus
520 1488 577 1548 est.

268 1588 396 1654 Codices
417 1589 466 1652 illi
489 1593 581 1652 sunt:

271 1694 302 1777 l)
329 1693 408 1758 Vin
420 1693 676 1758 dobonensis
699 1695 773 1759 hist.
797 1716 900 1779 graec.
918 1695 994 1759 olim
1009 1718 1141 1760 numero
1157 1697 1209 1775 45,
1233 1718 1318 1759 nunc
1336 1696 1356 1758 7

179 1800 335 1883 signatus,
359 1798 474 1862 saeculi
487 1797 550 1862 XII
569 1804 605 1863 ut
620 1800 756 1880 videtur,
779 1787 1046 1879 membranaceus
1071 1801 1104 1863 in
1120 1800 1207 1864 folio.
1247 1799 1356 1884 Scrip-

180 1908 285 1969 turam
300 1904 356 1968 fol.
376 1903 489 1967 tlh-7¹³
512 1905 649 1970 exhibet.
698 1906 818 1970 Biokell
841 1929 912 1970 eum
936 1907 1057 1990 primus
1082 1911 1113 1970 εὴ
1133 1906 1260 1990 quidem
1276 1906 1357 1969 satis

179 2013 323 2074 accurate
339 2012 484 2075 excussit.
522 2010 637 2075 Postea
652 2010 741 2075 Pitra
759 2033 830 2075 eum
847 2012 984 2095 inspexit
1003 2011 1144 2095 legitque
1166 2011 1356 2094 praesertim

181 2115 277 2179 verba
300 2114 353 2187 οὓς
378 2115 411 2176 δὲ
435 2114 694 2197 παρακαλοῦντες
719 2117 770 2195 20,
787 2119 817 2195 3,
841 2116 989 2200 quacille
1004 2117 1228 2200 praetermisit.
1260 2115 1354 2181 Nou-

181 2219 270 2283 uulla
285 2223 392 2283 autem
407 2224 540 2304 uterque
555 2220 661 2283 minus
674 2224 756 2284 recte
772 2220 861 2306 legit.
901 2221 1006 2286 (lodex
1022 2225 1053 2285 et
1068 2221 1214 2304 pluribus
1230 2221 1353 2284 mendis

178 2323 324 2387 foedatus
348 2328 404 2403 est,
429 2327 460 2387 ct
483 2324 606 2408 aliquot
629 2325 706 2388 locis
729 2329 852 2389 textum
869 2327 1031 2391 meliorem
1047 2327 1154 2405 habet,
1178 2348 1274 2409 quam
1290 2326 1352 2389 viri

179 2427 227 2491 illi
250 2428 398 2492 viderunt
429 2430 477 2493 vel
510 2429 750 2495 adnotaverunt.
798 2431 845 2495 df.
870 2433 900 2511 6,
917 2435 953 2508 33
980 2432 1030 2509 11,
1047 2434 1085 2506 3;
1113 2433 1162 2508 12,
1181 2431 1219 2506 1;
1246 2430 1296 2509 16,
1314 2432 1353 2507 2;

179 2536 231 2612 23,
248 2536 277 2598 3.
315 2534 489 2613 Lectiones,
513 2558 593 2618 quae
609 2535 744 2599 alicuius
760 2537 913 2600 momenti
929 2539 1013 2615 sunt,
1037 2537 1071 2599 in
1091 2535 1175 2598 notis
1191 2536 1350 2619 exscripsi.

180 2636 361 2721 Scripturas
391 2639 470 2703 vitia
502 2644 608 2704 autem
640 2663 678 2704 ex
701 2642 845 2706 itacismo
873 2646 982 2705 exorta
1011 2641 1063 2706 vel
1085 2640 1149 2704 alia
1171 2640 1353 2723 scriptionis

178 2744 309 2824 menda,
333 2744 457 2809 etiamsi
480 2746 604 2811 Bickell
628 2769 736 2811 eorum
760 2748 915 2812 rationem
939 2769 1001 2811 non
1027 2746 1176 2825 reddidit,
1209 2767 1273 2809 non
1297 2766 1353 2809 no·

178 2849 276 2913 tanda
299 2872 366 2940 esse
388 2849 468 2913 mihi
490 2850 690 2915 videbantur.

266 2955 300 3038 2)
324 2953 643 3020 Ottobonianus
666 2956 730 3020 408
755 2979 834 3021 saec.
859 2955 947 3021 XIV.
993 2953 1155 3020 Lectiones
1178 2955 1355 3038 publicavit

178 3058 268 3123 l'itra
292 3060 324 3122 in
348 3060 501 3139 editione,
526 3083 621 3144 quam
644 3060 796 3124 instituit.
843 3061 948 3125 Codex
972 3065 1078 3125 autem
1101 3083 1164 3125 non
1187 3065 1292 3125 totum
1315 3062 1354 3124 li-

179 3162 296 3225 bellum
322 3165 470 3242 exhibet,
503 3165 557 3229 sed
579 3169 703 3248 partem
726 3166 864 3249 priorem
887 3169 1013 3229 tantum
1036 3165 1087 3230 vel
1111 3165 1354 3248 descriptionem

179 3267 301 3330 viarum
326 3268 476 3346 duarum,
500 3269 907 3354 nequehancintegran13
930 3271 1083 3352 praeterit
1106 3273 1191 3335 enim
1214 3293 1278 3335 non
1301 3293 1352 3335 so-

179 3369 244 3432 lum
266 3369 504 3453 inscriptionem
528 3377 560 3436 εὴ
576 3375 681 3456 capita
697 3374 760 3437 tria
775 3373 892 3456 priora,
917 3374 1081 3439 sedetiam
1098 3376 1247 3458 plurima,
1272 3399 1354 3460 quae

178 3474 474 3537 {circumdaremur
498 3476 670 3540 Doctrinae
701 3479 917 3560 apostolorum
950 3480 1077 3557 adiecit,
1110 3482 1297 3563 praesertim
1320 3483 1354 3546 in

178 3578 281 3661 (eripite
298 3576 386 3655 Vlll,
410 3582 442 3643 ct
465 3585 560 3664 caput
575 3580 663 3659 XIV,
687 3604 745 3665 pro
769 3605 832 3666 quo
856 3587 962 3647 autem
985 3583 1154 3647 nonnullas
1178 3588 1353 3652 sententias

177 3704 214 3745 cx
238 3706 275 3746 (ul
300 3682 468 3747 lloctrinuc
491 3691 580 3767 purte
603 3688 825 3765 counnunicat,
849 3710 944 3770 quam
967 3688 1021 3751 ille
1041 3688 1191 3772 neglexit.
1239 3688 1353 3775 Neque

178 3788 389 3871 pluraquam
413 3788 541 3853 exhibet
564 3792 660 3855 codor
684 3792 751 3875 ipse
774 3793 960 3875 promittere
984 3794 1118 3873 videtur,
1142 3818 1214 3859 oum
1237 3797 1353 3861 titulus

178 3894 304 3957 libellus
330 3892 378 3956 his
402 3894 506 3957 verbis
529 3900 698 3979 conceptus
722 3897 781 3963 sit:
804 3896 955 3981 Ἐπιτομὴ
981 3900 1061 3980 ὅρων
1085 3910 1145 3963 τῶν
1162 3900 1259 3982 ἁγίων
1276 3903 1353 3964 ἀπο-

177 3997 297 4061 στόλων
320 3995 499 4079 nesciisse
521 3998 736 4079 παραδόσεως.

266 4102 299 4177 :ll
323 4102 614 4185 Musquensis‚
639 4103 786 4168 biblioth.
811 4104 841 4169 S.
860 4104 978 4189 Synodi
998 4106 1059 4170 125
1076 4130 1154 4172 socc.
1171 4108 1211 4172 X.
1247 4110 1353 4175 Codex

179 4208 309 4271 «audem
326 4208 391 4272 fere
407 4206 507 4271 libelli
529 4209 651 4289 purtem
669 4208 820 4287 continet,
845 4232 940 4293 quum
964 4208 1209 4291 (lttobouiauus,
1232 4213 1353 4279 scilicet
