2918 4890
291 367 479 424 axsosmo
498 367 655 422 DUABUM
667 365 811 421 VIABUM
829 364 902 430 ΧΙΧ,
917 363 1043 430 12-ΧΧ,
1063 365 1088 418 2.
1207 367 1267 432 101

91 531 230 616 Κρινείς
252 527 391 605 δικαίως.
438 529 487 592 12.
513 524 560 592 Οὐ
580 518 726 612 ποιήσεις
748 505 880 608 σχίσμα,
903 515 1091 610 εἰρηνεόσεις
1112 519 1149 587 δέ
1169 546 1269 606 μαχο-

90 631 214 718 μένους
225 633 420 718 συναγαγών.
452 627 678 717 Ἐξομολογήση
695 631 743 694 ἐπί
760 630 920 714 ἁμαρτίαις
936 651 1004 695 σου.
1036 626 1081 694 Οὐ
1093 626 1270 717 προσήξεις

91 739 157 807 ἐπί
169 735 350 828 προσευχήν
360 738 393 806 ἐν
408 738 583 824 συνειδήσει
599 737 729 824 πονηρᾷ.
763 736 853 824 Αὕτη
865 733 948 802 ἐστίν
962 725 981 821 ή
996 725 1074 809 ὁδός
1087 741 1142 797 τοῦ
1158 735 1269 818 φωτός.

189 847 259 911 XX.
306 838 350 911 ‘H
379 844 415 910 δὲ
447 845 504 912 τοῦ
535 844 666 929 μέλανος
691 835 767 918 ὁδός
789 840 871 908 ἐστιν
902 842 1013 905 σκολιὰ
1045 838 1098 905 καί
1131 838 1271 927 κατάρας

95 943 211 1036 μεστή.
257 949 348 1026 Ὁδὸς
379 952 440 1036 γάρ
471 952 551 1015 ἐστιν
580 950 720 1014 δανιίτου
749 949 872 1012 αἰωνίου
904 949 981 1031 μετὰ
1002 944 1163 1029 τιμωρίας,
1194 945 1226 1008 ἐν
1249 948 1296 1031 ᾖε

96 1057 182 1120 ἐστίν
205 1058 245 1118 τὰ
268 1055 447 1119 ἀπολλύντα
471 1059 525 1140 τὴν
549 1056 652 1140 ψυχὴν
675 1056 792 1118 αὐτῶν·
823 1049 1076 1140 εἰδωλολατρεία,
1098 1043 1270 1138 θρασύτης,

93 1159 188 1246 ὕψος
210 1160 379 1244 δυνάμεως,
403 1153 579 1250 ὑπόκρισις,
603 1159 824 1247 διπλσκαρδία,
846 1160 983 1242 μοιχεία,
1006 1148 1114 1244 φόνος,
1130 1148 1269 1243 άρπαγή,

95 1261 310 1353 ὑπερηφανία,
325 1266 510 1352 παραίβασις,
526 1259 630 1344 δόλος,
650 1263 751 1345 κακία,
767 1261 934 1339 αὐθάδεια,
951 1256 1139 1350 φαρμακεία,
1147 1256 1270 1345 μαγεία,

98 1369 278 1449 πλεονεξία,
301 1371 415 1457 ἀφοβία
438 1373 533 1436 θεοῦ·
558 1374 586 1436 2.
610 1372 744 1437 διώκται
767 1380 827 1435 τῶν
851 1360 988 1455 άγαδών,
1011 1365 1175 1449 μισοῦντες
1194 1357 1269 1452 άλή-

98 1481 201 1555 θειαν,
223 1473 408 1562 ἀγαπῶντες
431 1470 548 1566 φεάδη,
572 1470 609 1543 οὐ
630 1469 829 1563 γινώσκοντες
848 1471 967 1558 μισθόν
988 1461 1203 1558 δικαιοσύνης,
1234 1462 1272 1535 οὐ
1285 1492 1309 1528 10

99 1573 289 1663 κολλώμενοι
311 1579 434 1666 άγαθηῖ,
457 1575 496 1648 οὐ
517 1581 617 1669 κρίσει
639 1582 761 1670 δικαίην,
786 1578 869 1669 χήρη
890 1582 945 1644 καί
967 1581 1091 1663 ὀρφανῷ
1115 1579 1151 1640 οὐ
1172 1597 1270 1659 προσ-

100 1687 238 1771 έχοντες,
260 1683 492 1774 ἀγρυπνοῦντες
515 1686 571 1752 οὐκ
593 1684 639 1762 εἰς
662 1688 757 1774 φόβον
780 1688 875 1768 θεοῦ,
898 1677 964 1750 άλλ’
985 1681 1041 1749 ε’πί
1063 1676 1101 1746 τό
1123 1671 1270 1768 πονηρόν,

100 1782 145 1854 ὦν
165 1786 286 1877 μακράν
308 1794 361 1855 καί
384 1792 491 1876 πόρρω
515 1786 657 1878 πραότης
678 1789 731 1855 καί
753 1781 912 1874 δπομονή,
935 1785 1120 1873 άγαπιόντες
1142 1774 1271 1866 μάταια,

99 1887 268 1971 διώκοντες
289 1891 514 1980 άνταπόδομα,
538 1895 593 1962 οὐκ
615 1895 772 1970 ἐλεοῦντες
794 1891 942 1975 πτωχόν,
968 1887 1005 1957 σά
1026 1897 1194 1964 πονοῦντες
1216 1887 1272 1955 ἐπὶ

99 1999 373 2084 καταπονουμένῳ,
396 2004 535 2086 εὐχερεῖς
558 2003 590 2066 ἐν
613 2001 800 2085 καταλαλιᾷ,
824 1994 862 2066 ου’
883 1990 1082 2085 γινώσκοντες
1103 1989 1157 2061 τόν
1179 1987 1271 2080 ποιή-
1286 2016 1310 2052 ιτ

62 2185 65 2190 ¹
101 2126 201 2172 σαντα
223 2103 345 2184 αὐτούς,
367 2108 474 2192 φονεῖς
497 2104 618 2187 τέκνων,
641 2110 784 2194 φθορεῖς
799 2102 984 2188 πλάσματος
999 2105 1088 2184 θεοῦ,
1111 2094 1272 2188 άποστρε-

100 2204 235 2300 φάμενοι
256 2205 312 2276 τόν
333 2202 526 2293 ἐνδεόμενον,
548 2211 796 2287 καταπονοῦντες
819 2207 875 2277 τόν
890 2200 1090 2292 θλιβόμενον,
1113 2204 1273 2273 πλουσίοιν

101 2314 305 2405 παράκλητον,
329 2309 472 2403 πενήτων
494 2310 604 2402 άνομοι
625 2315 739 2406 κριταί,
761 2308 1035 2404 πανδαμάρτητοι.

108 2524 171 2582 odio
190 2526 233 2580 est
253 2525 410 2590 habendus,
436 2525 517 2581 homo
540 2528 594 2590 est,
619 2543 675 2581 non
702 2528 779 2581 tsrea
802 2528 917 2595 peccata
942 2523 1026 2577 alitsr
1050 2521 1155 2591 posuit,
1181 2539 1272 2590 pauca

104 2613 203 2676 Satan,
221 2611 365 2666 Barnabas
379 2613 402 2666 D
415 2613 439 2676 2,
451 2615 465 2666 7
478 2611 599 2681 respexit
617 2630 674 2668 cor·
703 2611 813 2677 adiecit,
832 2612 915 2680 plura
934 2610 1035 2672 omisit,
1056 2607 1159 2662 scilicet
1177 2605 1272 2665 ἐπιθυ-

102 2700 238 2769 rexitqus.
257 2729 290 2738 -
309 2707 411 2773 κρινεῖς
428 2700 548 2768 δικαίως]
569 2699 593 2751 D
611 2701 636 2762 4,
649 2699 674 2753 3.
701 2702 767 2768 μίαι,
775 2707 906 2772 πορνεῖαι,
914 2699 1023 2761 κλοπαί,
1030 2699 1272 2769 ψευδομαρτυρίαι,

140 2789 180 2841 12.
200 2785 233 2845 σίν
250 2788 382 2859 ποιήσεις]
400 2787 424 2840 D
445 2789 469 2855 4,
484 2790 507 2841 3,
526 2818 561 2826 -
579 2785 674 2857 ίξομο-
701 2786 892 2860 αίσχρολογία,
927 2786 1087 2855 ζηλοτυπία,
1120 2781 1271 2852 ἀλαζονεία.

102 2880 208 2947 λσγήση
224 2875 294 2945 κτλ]
314 2875 337 2929 Ι)
357 2879 380 2939 4,
401 2876 446 2937 14,
474 2875 523 2928 ubi
542 2875 675 2944 praemit·
703 2874 770 2930 Voei
787 2872 894 2947 πονηρά
907 2871 1053 2925 substituit
1070 2886 1163 2925 vocem
1175 2870 1272 2928 σκολιά
1384 2906 1386 2910 ·

102 2961 174 3014 titur
183 2959 214 3017 ἐν
225 2959 352 3038 ἐκκλησίην
371 2963 400 3015 et
412 2979 462 3030 pro
474 2959 519 3017 ἐπὶ
530 2959 676 3037 ἁμαρτίαις
702 2961 821 3016 fortasse
838 2959 987 3030 respiciens
1005 2959 1086 3012 Prov.
1106 2959 1131 3021 2,
1151 2959 1193 3012 15.

103 3047 209 3118 legitur
228 3048 263 3106 τά
279 3048 500 3124 παραπτώματα.
738 3050 763 3104 2.
782 3048 833 3102 Hie
850 3065 945 3102 versus
957 3047 987 3101 in
999 3049 1119 3114 utraque
1133 3045 1272 3115 scriptura

139 3134 197 3202 XX,
219 3138 240 3190 l.
270 3136 414 3192 Barnabas
438 3137 604 3206 praesertim
621 3138 674 3192 ini·
702 3138 761 3191 fers
779 3136 855 3190 idem
874 3138 924 3190 sst.
956 3133 1100 3188 Barnabas
1118 3150 1209 3202 pauca
1224 3133 1272 3188 ad-

103 3222 176 3276 tium
195 3223 312 3292 capituli
331 3224 462 3287 mutavit,
484 3225 557 3292 quod
567 3225 596 3279 in
606 3225 674 3281 Doc-
701 3223 775 3289 iecit,
794 3223 918 3277 mutavit
932 3223 965 3280 τὸ
977 3220 1089 3296 ἀγαθόν
1104 3221 1178 3290 (post
1190 3219 1272 3295 άγρυ

103 3311 181 3366 trina
194 3314 246 3375 5‚1
266 3316 309 3367 sst
327 3314 390 3369 hoc:
408 3315 425 3384 ή
442 3312 472 3368 δὲ
484 3320 535 3369 τοῦ
548 3312 675 3369 θανάτου
701 3319 836 3377 κινοῦντες
863 3309 913 3368 οὐκ
941 3305 992 3379 είς)
1018 3309 1048 3363 in
1078 3310 1168 3382 φόβον
1194 3314 1273 3375 θεοῦ,

103 3398 168 3468 ὁδός
187 3398 262 3456 ἐστιν
273 3396 354 3469 αίίτη·
373 3407 488 3473 πρῶτον
500 3398 614 3456 πάντων
625 3418 675 3457 πο·
702 3398 796 3453 omisit
803 3395 1177 3471 οοαοΙαείοωεωερυσθείητε,
1183 3395 1273 3463 τέκνα,

103 3488 172 3562 νηρά
191 3485 250 3545 ἐστι
266 3490 312 3543 καὶ
329 3487 452 3561 κατάρας
468 3490 563 3557 μεστή.
592 3485 676 3541 Prae·
701 3486 757 3544 άπὸ
776 3486 883 3544 τούτων
900 3483 1038 3543 ἁπάντων.
