2918 4890
174 327 216 393 84
605 319 915 380 CONSTITUTIONES

173 488 228 550 καί
243 487 302 549 οὐκ
318 487 404 549 ἔσται
419 485 436 548 ὁ
452 485 625 549 είσακοὺων
641 487 746 549 αὐτοῦ.
791 487 820 549 4.
845 495 1019 562 Κοινιυνησεις
1036 496 1074 557 είς
1091 496 1179 547 πάντα
1191 499 1227 560 τῷ
1239 493 1348 558 ἀδελφῷ

173 619 219 656 σου
237 605 285 654 καί
303 604 352 654 οῦκ
369 604 437 667 ἐρεῖς
452 603 507 655 ίοια
524 599 606 653 εἶναι·
630 594 720 675 κοινὴ
743 592 805 675 γάρ
828 592 849 678 ἡ
866 590 1038 677 μετάληψις
1053 594 1141 675 παρὰ
1156 591 1236 655 θεοῦ
1253 597 1348 651 πᾶσιν

173 697 352 782 ἀνθρώποις
367 695 624 782 παρεσκευάσθη.
664 698 693 761 5.
718 706 773 756 Οῦκ
790 707 862 771 ἀρεῖς
880 706 927 771 τἠν
946 707 1024 773 χεῖρά
1036 721 1083 757 σου
1097 706 1150 756 ἀπό
1168 709 1215 756 τοῦ
1229 706 1286 754 υἱοῦ
1300 717 1348 752 σου

173 815 190 880 ἢ
202 815 253 865 ἀπό
266 817 313 878 τῆς
324 814 457 880 θυγατρός
469 827 522 868 σου,
541 811 613 862 ἀλλὰ
630 811 683 862 ἀπό
695 813 821 878 νεότητος
832 812 945 873 διδάξεις
957 811 1050 873 αὑτοὺς
1062 811 1107 862 τόν
1119 811 1200 875 φόβον
1212 812 1260 860 τοῦ
1273 808 1349 860 θεοῦ.

148 908 308 973 ιΠαίδευε
332 909 403 993 γάρ,
426 908 510 994 φησί,
533 910 585 972 τόν
609 907 674 971 υίόν
698 927 772 971 σου·
797 909 879 970 οῦτιυ
901 909 963 991 γάρ
988 908 1076 971 ἔσται
1098 927 1147 969 σοι
1171 903 1306 978 εὔελπις.

259 1015 349 1082 ΧΠΙ.
388 1024 444 1075 Οῦκ
466 1026 594 1087 ἐπιτάξεις
617 1023 704 1088 δοῦλῳ
723 1038 769 1073 σου
791 1023 809 1088 ή
827 1024 951 1089 παιδίσκη
976 1030 1031 1085 τοίς
1054 1024 1097 1074 ἐπί
1121 1022 1165 1073 τόν
1189 1021 1267 1072 αὑτόν
1285 1018 1350 1070 θεόν

173 1135 325 1186 πεποιυισιν
343 1135 370 1183 ἐν
388 1133 479 1195 πικρίᾳ
498 1118 611 1204 ψυχης,
633 1130 734 1195 μήποτε
755 1116 941 1195 οτενάξιυσιν
965 1118 1015 1181 ἐπί
1038 1118 1087 1180 σοί
1110 1117 1165 1179 καί
1188 1116 1276 1178 ἔσται
1300 1134 1350 1176 σοι

175 1231 253 1314 ὀργὴ
281 1230 369 1312 παρὰ
396 1228 485 1290 θεοῦ.
532 1227 561 1290 2.
584 1236 639 1285 Καί
656 1235 737 1300 ὑμεῖς,
757 1238 781 1285 οί
799 1235 896 1299 δοῦλοι,
916 1235 1067 1300 ὑποτάγητε
1085 1238 1140 1293 τοῖς
1157 1233 1260 1296 κυρίοις
1278 1231 1350 1295 ὑμῶν

175 1347 211 1408 ὡς
228 1346 318 1407 τῦποις
336 1343 402 1395 θεοῦ
419 1345 447 1393 εν
465 1342 576 1408 αίσχῦνῃ
596 1343 643 1393 καί
661 1343 742 1407 φόβῳ,
761 1329 803 1404 ὡς
821 1338 865 1415 τῷ
880 1329 979 1414 κυρίῳ
1003 1330 1059 1393 καί
1074 1331 1134 1393 οὐκ
1158 1327 1350 1411 ἀνθρώποις.

136 1481 161 1517 10
261 1439 350 1505 XIV.
387 1449 511 1514 Μισήσεις
536 1452 623 1498 πᾶσαν
650 1447 783 1512 ὑπόκρισιν
807 1448 855 1497 καί
878 1450 943 1507 πάν,
971 1444 986 1494 ὃ
1010 1445 1057 1496 έάν
1080 1439 1098 1510 ᾖ
1124 1445 1235 1510 ἀρεστόν
1260 1445 1350 1508 κυρίῳ,

175 1546 323 1632 ποίήοείς.
370 1547 399 1609 2.
423 1555 459 1606 Οὐ
476 1553 512 1619 μὴ
531 1553 715 1619 έγκαταλίπης
732 1553 842 1614 ἐντολὰς
855 1552 955 1615 κυρίου,
975 1551 1100 1615 φυλάξεις
1118 1551 1147 1601 δὲ
1165 1550 1183 1600 ἃ
1200 1551 1352 1616 παρέλαβες

175 1650 249 1736 παρ’
271 1653 377 1728 αὐτοῦ,
400 1661 467 1727 μήτε
489 1659 637 1725 προστιθείς
660 1647 708 1712 ἐπ’
731 1651 836 1723 αὐτοῖς
858 1659 926 1725 μήτε
953 1659 1070 1723 ἀφαιρῶν
1094 1645 1148 1711 ἀπ’
1166 1649 1289 1711 αὐτῶν·
1313 1648 1350 1710 οὐ

176 1757 369 1844 προσθήσεις
392 1759 454 1842 γὰρ
478 1765 541 1830 τοῖς
564 1754 670 1841 λόγοις
694 1757 799 1838 αὑτοῦ,
822 1757 872 1818 ἵνα
895 1757 937 1838 μὴ
961 1753 1075 1840 ἐλέγξη
1099 1775 1135 1816 σε
1157 1753 1212 1816 καί
1232 1751 1350 1836 ψευδής

175 1863 260 1950 γένη.
307 1866 337 1928 3.
360 1872 559 1938 Έξομολογήση
589 1860 687 1945 κυρίῳ
719 1868 763 1944 τῷ
793 1859 861 1944 θεῷ
893 1880 950 1922 σου
973 1870 1006 1919 τὰ
1024 1868 1197 1934 ἁμαρτήματα
1215 1883 1262 1918 σου
1296 1859 1351 1921 καί

137 2008 162 2045 15
176 1973 236 2034 οὐκ
262 1971 306 2032 έτι
328 1966 520 2052 προσθήσεις
544 1965 593 2030 ἐπ’
614 1968 737 2048 αὐτοῖς,
766 1967 817 2029 ίνα
840 1966 875 2028 εὑ
898 1986 947 2028 σοι
975 1963 1102 2050 γένηται
1131 1966 1218 2047 παρὰ
1249 1962 1349 2048 κυρίῳ

177 2084 220 2160 τῷ
242 2075 309 2159 θεῷ
333 2095 407 2156 σου,
436 2074 469 2148 ὃς
493 2075 530 2137 οῦ
553 2072 698 2159 βούλεται
721 2073 773 2134 τόν
796 2070 934 2134 θάνατον
957 2077 1011 2133 τοῦ
1035 2068 1242 2153 άμαρτωλοῦ,
1266 2067 1351 2131 ἀλλὰ

177 2184 232 2268 τήν
257 2180 432 2264 μετάνοιαν.

264 2284 336 2349 XV.
375 2283 437 2347 Τόν
453 2281 574 2367 πατέρα
590 2305 647 2347 σου
670 2285 724 2346 καί
747 2285 802 2367 τήν
818 2281 937 2367 μητέρα
951 2281 1159 2366 θεραπεύσεις
1175 2280 1218 2355 ὡς
1234 2279 1350 2355 αἰτίους

179 2411 228 2454 σοι
250 2388 412 2473 γενέσεως,
435 2390 485 2452 ίνα
501 2387 575 2474 γένη
593 2388 824 2473 μακροχρόνιος
847 2388 896 2451 ἐπί
919 2397 974 2472 τῆς
990 2398 1048 2473 γῆς
1064 2390 1102 2472 ής
1117 2387 1225 2470 κῦριος
1241 2386 1259 2448 ό
1274 2385 1350 2460 θεός

138 2532 163 2568 20
178 2517 234 2559 σου
257 2495 364 2558 δίδωσι
380 2516 437 2558 σοι.
484 2497 513 2558 2.
537 2493 620 2568 Τοὺς
636 2491 792 2576 ἀδελφούς
812 2514 868 2556 σου
891 2494 947 2556 καί
970 2495 1041 2566 τοῦς
1057 2501 1216 2576 συγγενεῖς
1233 2512 1290 2554 σου
1308 2494 1350 2575 μὴ

177 2601 343 2687 ὑπερίδης·
367 2603 439 2674 τοὺς
462 2602 523 2684 γὰρ
547 2599 681 2674 οἰκείους
704 2607 759 2662 τοῦ
783 2597 961 2682 σπέρματός
985 2620 1041 2662 σου
1065 2599 1125 2682 οὐχ
1147 2597 1309 2681 ὑπερόψει.

264 2704 351 2770 XVI.
390 2703 453 2767 Τόν
476 2703 607 2791 βασιλέα
630 2703 809 2790 φοβηθήση,
833 2703 932 2786 εἰδώς,
956 2705 1002 2765 ότι
1017 2711 1071 2765 τοῦ
1087 2703 1199 2787 κυρίου
1223 2702 1305 2764 ἐστίν
1329 2700 1350 2785 η

177 2811 368 2896 χειροτονία·
402 2814 474 2886 τοὺς
497 2814 652 2896 ἄρχοντας
684 2812 780 2874 αὑτοῦ
803 2809 939 2895 τιμήσεις
968 2808 1010 2883 ὡς
1038 2807 1238 2892 λειτουργοὺς
1261 2807 1350 2888 θεοῦ,

178 2917 298 2980 ἔκδικοι
321 2918 381 3000 γάρ
406 2917 478 2980 εἰσιν
501 2915 603 3000 πάσης
626 2915 767 2989 ἀδικίας·
791 2917 835 2989 οίς
858 2913 1027 2978 ἀποτίσατε
1049 2913 1149 2995 τέλος,
1176 2913 1274 2996 φόρον
1297 2912 1352 2975 καί

139 3033 281 3094 ρςπᾱσαν
304 3023 450 3106 εἰσφοράν
474 3021 686 3105 εὐγνωμόνως.
1341 3008 1344 3012 ’

265 3126 369 3192 XVII.
407 3138 442 3186 Οὑ
465 3136 627 3201 προσελεὺση
650 3137 693 3186 ἐπί
717 3136 866 3200 προσευχήν
884 3151 931 3184 σου
956 3136 984 3184 έν
1006 3123 1109 3209 ἡμέρᾳ
1134 3135 1262 3198 πονηρίας
1287 3144 1353 3205 σου,

178 3235 248 3316 πρίν
273 3235 310 3295 ἂν
333 3232 429 3317 λῦσης
453 3236 509 3316 τήν
531 3231 657 3315 πικρίαν
681 3253 747 3295 σου.
792 3232 821 3294 2.
844 3241 915 3307 Iam
938 3243 1005 3292 επιν
1024 3242 1042 3306 γ
1061 3241 1122 3301 σοις
1140 3243 1189 3304 τῆς
1206 3239 1293 3304 ςωγς,
1315 3231 1353 3312 ης

179 3337 300 3421 γένοιτο
324 3338 411 3411 ἐντός
426 3337 506 3420 ὑμᾶς
522 3337 691 3421 εὑρεθῆναι
714 3337 764 3399 διὰ
779 3334 883 3420 Ἰησοῦ
900 3335 1039 3420 Χριστοῦ
1055 3344 1111 3399 τοῦ
1126 3334 1237 3417 κυρίου
1253 3335 1353 3419 ἡμῶν.

266 3442 386 3508 XVIII.
429 3453 462 3502 ‘H
479 3453 508 3503 οὲ
526 3454 588 3514 όοός
606 3457 651 3502 που
670 3453 786 3504 θανάτου
805 3454 872 3503 ἐστίν
892 3443 924 3505 ἐν
946 3439 1076 3524 πράξεσι
1098 3448 1247 3525 πονηραῖς
1272 3438 1354 3502 θεω-

140 3583 166 3619 30
182 3547 332 3632 ρουμένη·
367 3549 395 3610 2.
420 3548 452 3610 έν
475 3550 554 3632 αὐτῇ
585 3551 647 3632 γὰρ
677 3551 786 3630 ἄγνοια
808 3548 886 3611 θεοῦ
916 3548 971 3609 καί
994 3545 1121 3609 πολλῶν
1144 3545 1228 3608 θεῶν
1252 3543 1354 3607 ἐπεισ-

180 3653 300 3739 αγωγὴ,
325 3650 362 3716 δι’
377 3653 419 3716 ὢν
438 3666 520 3728 φόνοι,
540 3660 660 3729 μοιχεῖαι,
679 3669 804 3728 πορνεῖαι,
822 3651 987 3735 ἐπιορκίαι,
1012 3660 1147 3724 ἐπιθυμίαι
1164 3649 1354 3732 παράνομοι,

214 3869 239 3921 5.
268 3865 389 3935 παίδευε]
408 3864 489 3919 Prov.
512 3866 550 3926 19,
571 3865 612 3919 18.
779 3863 846 3931 quia
864 3880 913 3918 suo
931 3864 1057 3930 tempore
1076 3857 1210 3913 confessio
1228 3859 1356 3926 peccato·

214 3955 288 4018 XIII,
307 3956 332 4007 ’2.
358 3949 397 4021 ὼς
422 3961 461 4029 τῷ
478 3955 563 4027 κυρίῳ
586 3951 657 4020 κτλ]
684 3950 752 4019 Eph.
779 3967 842 4003 rum
853 3948 966 4018 publica
976 3947 1087 4004 nonnisi
1095 3945 1259 4001 rarofiebat.
1278 3945 1356 4000 lnfra

180 4047 204 4106 6,
225 4044 248 4097 7.
781 4054 802 4091 c.
822 4037 856 4092 30
875 4035 1074 4091 confessionem
1089 4038 1268 4103 peccatorum
1286 4032 1355 4087 omi-

219 4130 292 4192 XIV,
316 4132 341 4185 3.
377 4126 579 4200 ἐξομολογὴσρ]
620 4124 754 4180 Doctrina
781 4123 826 4190 sit,
844 4142 929 4192 quam
946 4122 1081 4179 Doctrina
1101 4123 1167 4185 14,1
1187 4121 1217 4174 in
1236 4120 1356 4190 Hturgia

184 4221 222 4280 14,
244 4220 275 4270 14
294 4217 453 4286 praemittit
473 4214 503 4272 ἐν
516 4213 649 4291 ἐκκλησίᾳ.
679 4211 755 4277 Quae
781 4211 920 4266 dominica
957 4210 1125 4264 celebranda
1155 4209 1290 4279 postulat.
1320 4238 1356 4246 -

181 4304 268 4360 verba
286 4307 383 4361 auctor
408 4303 469 4357 ideo
492 4301 615 4355 omisisse
634 4299 753 4361 videtur,
782 4299 815 4358 οὐ
837 4297 1018 4376 προσθήσεις]
1038 4297 1119 4353 Prov.
1139 4300 1180 4360 30,
1201 4299 1224 4349 6.
1252 4325 1286 4333 -
1309 4291 1356 4351 ἵνα
