2918 4890
393 336 582 391 DUODEOIM
601 335 866 390 APOSTOLORUM
886 337 906 401 l,
925 337 1004 391 2-3.
1267 338 1291 402 ὅ

105 513 255 594 primum
278 514 387 597 dilipes
411 514 531 594 Deam,
566 517 621 596 qai
649 519 677 579 te
705 516 830 594 crearit,
858 515 966 579 dando
992 515 1177 596 proximam
1199 519 1291 578 taam

111 618 194 680 sicci
216 622 244 681 te
265 617 390 699 ipsam
421 621 528 684 omnio
550 640 640 697 vero,
665 633 860 699 quaecunque
881 640 944 682 non
968 619 1015 682 cis
1036 617 1096 681 tibi
1119 617 1207 698 fieri,
1229 642 1288 684 nec
1399 704 1402 709 ι

110 724 149 785 tu
172 721 266 786 alteri
288 721 397 803 faciae,
442 726 472 789 3.
497 724 652 789 Doctrina
674 727 780 788 autem
800 724 913 788 horum
931 724 1099 788 verborum
1121 723 1199 788 haec
1222 729 1289 789 est:

111 895 187 949 hanc
205 897 334 965 regulam
345 898 532 953 humanorum
546 894 701 967 gestorumi
715 896 800 950 riores
824 896 977 951 hauserint.
1015 897 1119 950 Auctor
1137 895 1288 953 Doctrinae

113 983 229 1052 singula
238 1001 364 1055 quaeque
373 990 549 1042 concurrunt.
564 947 808 1054 Deniqueieutem
839 981 960 1037 formam
988 982 1070 1036 illam
1096 982 1156 1052 ipse
1183 1001 1289 1038 creasse

110 1069 333 1129 Constitutiones
352 1076 544 1144 apostolorum
569 1092 686 1131 comme·
714 1071 810 1140 putari
834 1073 941 1141 potest,
970 1090 1032 1125 cum
1056 1072 1235 1136 infra4,l2·
1256 1073 1289 1126 13

109 1161 351 1229 morentur,quae,
359 1165 471 1230 praeter
482 1163 586 1217 librum
594 1163 686 1227 VII,1‚
714 1176 822 1228 quoque
840 1157 916 1212 diota
935 1159 960 1213 S.
981 1159 1141 1228 Scripturas
1163 1159 1285 1229 positiva

112 1246 286 1302 sententiam
304 1248 346 1302 bis
364 1249 504 1316 exhibent,
524 1247 576 1314 Li
596 1254 626 1305 et
638 1251 686 1315 lll,
715 1248 796 1304 modo
815 1247 949 1317 negativo
968 1248 1078 1302 reddet.

115 1336 156 1400 15,
175 1352 293 1405 eamque
311 1336 363 1392 hoo
380 1337 441 1393 loco
458 1339 497 1393 sic
515 1355 685 1407 expressam:
748 1339 772 1390 3.
792 1336 899 1393 τούτων
910 1336 940 1393 a
951 1357 975 1392 τ.
989 1342 1012 1392 λ.
1025 1339 1042 1408 ἡ
1054 1336 1158 1408 διδαχή]
1178 1335 1286 1390 Indica-

109 1419 126 1478 ὃ
146 1431 236 1491 μισεῖς
254 1443 299 1481 σοι
318 1423 462 1497 γενέσθαι,
479 1425 543 1483 οὐδὲ
560 1421 634 1502 ἄλλῳ
653 1426 687 1484 σὺ
715 1425 761 1476 tur
780 1422 929 1492 explicatio
955 1423 1102 1478 verborum
1120 1422 1287 1492 praeceden-

110 1514 244 1580 ποιήσεις.
281 1511 428 1567 Sententia
453 1517 545 1568 autem
569 1531 626 1568 non
646 1532 686 1570 so·
714 1510 793 1572 tium,
805 1510 955 1579 etquidem
966 1511 1097 1574 omnium,
1112 1529 1174 1564 cum
1187 1511 1286 1564 auctor

111 1596 172 1649 lum
201 1596 277 1667 apud
297 1598 491 1664 Christianos,
522 1602 570 1655 sed
598 1602 685 1657 etiam
713 1615 800 1650 unum
819 1597 861 1651 vel
877 1597 999 1651 alterum
1012 1596 1179 1652 mandatum
1195 1597 1285 1651 solum

112 1684 188 1752 apud
208 1684 325 1741 Iudaeos
350 1687 457 1742 usitata
482 1706 571 1758 neque
594 1691 685 1758 genti.
713 1683 853 1753 explicare
871 1700 900 1737 se
918 1685 991 1738 velle
1010 1702 1066 1739 non
1079 1685 1164 1739 dicat.
1204 1684 1285 1737 Erra-

111 1771 187 1825 libus
204 1770 351 1843 incognita
369 1775 433 1829 fuit.
471 1775 684 1837 Tob.4,151e-
715 1772 815 1823 verunt
839 1788 920 1842 ergo,
944 1772 993 1842 qui
1018 1772 1195 1842 respicientes
1219 1773 1284 1835 2‚1

108 1857 217 1927 gimus:
233 1859 355 1930 θμισεῖς,
363 1867 459 1934 μηδενὶ
468 1869 593 1936 ποιήσῃς,
602 1882 685 1933 quem
712 1860 798 1926 atque
816 1860 890 1913 hunc
910 1862 998 1916 locum
1014 1859 1197 1916 demandato
1210 1877 1285 1914 amo-

110 1945 203 2000 locum
222 1947 348 2003 Clemens
368 1950 447 2004 Alex.
466 1951 568 2009 Strom.
588 1953 622 2016 ll,
641 1954 684 2017 23,
712 1944 749 1998 ris
790 1946 909 2014 proximi
942 1948 1163 2017 interpretantes
1199 1948 1286 2002 verba

110 2031 162 2086 139
181 2051 208 2102 p.
228 2036 278 2090 503
305 2036 396 2091 verbis
419 2039 526 2094 reddit:
552 2039 684 2110 ὃμισεῖς,
712 2032 819 2089 τούτων
846 2041 903 2090 τῶν
930 2037 1022 2108 λόγων
1051 2036 1087 2088 ad
1115 2037 1283 2090 mandatum

108 2115 185 2195 ἄλλῳ
209 2120 243 2178 οὐ
264 2128 394 2195 ποιήσεις.
431 2125 531 2181 Philon
555 2129 585 2181 in
610 2129 684 2186 libro
712 2121 869 2175 amorisDei
881 2122 1048 2176 referebant.
1076 2121 1184 2177 Revera
1193 2123 1285 2176 verbis

110 2206 146 2261 de
159 2207 326 2266 Iudaeorum
339 2213 426 2268 exodo
447 2213 481 2268 de
494 2216 624 2285 Aegypto
637 2218 682 2272 de.
711 2207 849 2281 εὐλογεῖτε
867 2216 924 2266 κτλ.
945 2228 1002 2264 non
1020 2212 1078 2274 hoc,
1098 2211 1146 2264 sed
1163 2211 1285 2263 alterum

108 2294 221 2362 perdito
234 2296 340 2352 dictum
353 2304 595 2357 commemoravit:
615 2302 634 2362 ἅ
643 2327 684 2374 τις
712 2290 878 2350 mandatum
887 2298 1009 2356 maxime
1022 2299 1187 2368 explicatur.
1206 2296 1284 2362 Quod

106 2387 212 2437 παθεῖν
239 2381 376 2459 ἐχθαίρει,
405 2393 444 2460 μὴ
470 2399 561 2447 ποιεῖν
589 2391 682 2450 αὐτόν,
711 2384 806 2436 autem
827 2385 910 2438 verba
929 2384 1154 2459 ailoysicexcl„
1166 2384 1204 2437 ad
1222 2397 1283 2438 seni

108 2466 150 2522 Of.
176 2468 241 2524 Eua.
265 2471 397 2543 Praepar.
423 2492 523 2546 evang.
552 2479 628 2542 Vlll,
658 2482 682 2536 7,
711 2472 815 2524 tentiae
833 2473 991 2542 propositas
1010 2472 1208 2543 explanandas
1227 2471 1284 2540 pri-

108 2552 192 2610 Teste
210 2556 329 2619 Talmud
352 2562 463 2630 (Babyl.
484 2565 592 2620 Sabbat
610 2569 642 2623 31
655 2580 683 2638 a]
711 2576 786 2611 mum
806 2560 982 2628 allegantur,
1006 2560 1036 2613 id
1049 2559 1126 2615 ‘inde
1144 2558 1284 2628 θΧΡῙῙθᾶΠ·

110 2640 204 2697 Rabbi
222 2645 310 2702 Hillel
328 2649 421 2704 officia
439 2669 507 2720 erga
525 2656 682 2722 proximum
710 2646 777 2698 dum
796 2662 852 2700 esse
873 2645 997 2710 videtur,
1025 2649 1098 2716 quod
1122 2647 1174 2701 illa
1197 2646 1284 2699 verba

111 2730 205 2785 verbis
219 2736 441 2804 comprehendit:
462 2739 538 2803 Quod
560 2741 609 2795 tibi
628 2743 683 2797 dis·
708 2731 739 2785 in
753 2734 849 2787 eadem
864 2733 889 2787 S·
900 2733 1060 2802 Scriptum&
1069 2738 1150 2804 Parte
1161 2737 1282 2799 elstani,

110 2818 205 2888 plicet,
225 2819 255 2874 id
274 2823 356 2879 elteri
371 2825 514 2882 nefarias.
546 2828 682 2886 isocrates
709 2820 738 2874 in
763 2839 819 2890 qua
843 2821 983 2875 Sententia
1007 2822 1106 2876 teriia:
1139 2821 1230 2878 πάντα
1253 2820 1282 2877 δὲ

108 2904 281 2976 (Nicocleso.
295 2913 327 2966 61
342 2913 383 2967 ed.
398 2914 528 2971 Benseler
544 2936 571 2986 p.
588 2919 680 2989 lOsq.)
694 2969 696 2981 ,
710 2903 762 2964 ὅσα
786 2906 834 2965 ἐὰν
852 2912 973 2980 θελήσῃς
992 2915 1066 2973 sert,
1092 2909 1202 2964 etiamsi
1226 2927 1282 2964 non

107 2992 259 3054 scribitcti
275 2998 431 3072 πάσχοντες
448 3000 496 3075 ὕφ’
514 3001 618 3078 ἑτέρων
636 3005 682 3079 ὀρ.
694 2996 696 3027 ³
708 3013 820 3064 prorsus
844 2995 943 3050 iisdem
967 2996 1059 3050 verbis
1077 3013 1221 3067 expressa,
1245 2998 1283 3050 le·

107 3083 229 3152 γῖζεσθε,
242 3094 329 3143 ταῦτα
339 3085 513 3157 volgatum
521 3098 679 3164 μὴπωεῖτε,
709 3084 793 3151 gitur,
813 3084 919 3138 scilicet
937 3086 966 3138 in
982 3102 1106 3140 sermone
1121 3084 1232 3141 Domini
1251 3085 1280 3139 in

110 3168 240 3227 Sirenses
262 3175 434 3229 sententiam
457 3196 514 3235 non
538 3179 681 3249 ignorasse
694 3199 695 3216 ι
709 3174 803 3227 monte
815 3173 1005 3240 pr0111111tiat0·
1037 3173 1150 3228 Partem
1167 3189 1282 3242 sequen·

108 3273 142 3311 ex
150 3256 186 3312 iis
193 3265 319 3330 apparet,
327 3281 399 3331 quae
406 3266 518 3336 scripsit
525 3268 681 3341 Biilffinger
694 3252 695 3325 i
709 3264 773 3324 iem,
793 3259 933 3331 εὐλογεῖτε
942 3292 975 3300 -
985 3266 1094 3334 διδαχῆς
1106 3264 1130 3328 2,
1145 3265 1168 3327 1,
1188 3263 1283 3333 plures

107 3345 136 3400 in
148 3345 305 3416 Specimine
317 3351 461 3408 doctrinae
474 3358 529 3409 vet.
542 3356 598 3411 Sin.
614 3361 681 3414 1724
694 3358 695 3423 l
708 3348 912 3418 interpolatam
934 3368 992 3406 0⁸⁵0
1009 3355 1162 3423 putarunt,
1188 3354 1231 3407 iia
1250 3356 1283 3407 11¹⁵

107 3451 134 3502 p.
153 3435 267 3502 53-55,
288 3441 375 3508 atque
387 3440 491 3510 Taylor
508 3443 539 3497 in
558 3445 630 3502 libro
647 3449 681 3502 de
694 3502 695 3506 ,
709 3439 800 3492 verbis
825 3444 918 3512 διδαχή
943 3439 1018 3498 ἐστιν
1052 3439 1120 3513 αὕτη
1154 3440 1282 3511 protinus

108 3521 243 3578 Doctrina
253 3524 397 3581 duodecim
406 3516 597 3598 apostolornn}
613 3544 619 3601 l
626 3536 682 3591 The
694 3600 696 3607 Ι
709 3528 889 3596 adiungenda
900 3532 992 3584 essent
1000 3530 1085 3584 verba
1095 3528 1128 3586 oi
1138 3530 1283 3602 φονεύσεις

110 3609 243 3680 Teactc'ap
261 3612 295 3680 of
310 3614 352 3668 tae
372 3615 425 3670 Τιο.
446 3621 497 3686 Ap.
511 3619 589 3688 1886)
608 3642 634 3693 p.
649 3627 680 3679 lo
707 3621 765 3672 κτλ.
786 3617 816 3680 2,
836 3617 860 3670 2.
896 3617 1041 3673 Particula
1066 3605 1179 3686 quidem
1203 3616 1282 3670 deest

106 3697 266 3754 adnotavit.
303 3701 343 3756 Of.
362 3703 387 3756 J.
401 3702 534 3775 Bernays‚
555 3709 614 3765 Ges,
625 3713 679 3766 Ab.
694 3696 737 3768 {in
761 3705 921 3774 fragmento
946 3706 1050 3769 latino,
1075 3707 1106 3759 in
1133 3704 1281 3758 Barnabae

105 3787 278 3859 raama
296 3790 309 3843 1
329 3792 428 3861 (resa),
442 3790 571 3851 avr-ve.
602 3798 680 3853 incer
694 3778 695 3863 ἶ
708 3793 830 3861 epatica
848 3797 877 3848 ec
894 3795 925 3847 sn
943 3793 1102 3849 canonieus
1114 3789 1281 3846 ecelesiae-

107 3874 282 3933 Ohristianos
307 3879 387 3934 testis
406 3882 563 3938 sententiae
581 3885 611 3939 in
623 3885 679 3941 for·
693 3944 694 3949 ,
708 3879 754 3933 cis.
768 3880 836 3934 Cum
847 3884 944 3936 autem
953 3899 1002 3952 per
1008 3882 1152 3935 Pastorem
1160 3879 1280 3933 Hermae

108 3980 184 4018 mam
195 3966 362 4034 negativam
375 3968 506 4024 redactae
518 3972 625 4040 primus
638 3976 679 4027 est
708 3971 735 4022 et
746 3969 965 4025 Constitutiones
975 3969 1167 4038 apostolorum
1181 3984 1281 4036 agnos-

106 4054 205 4107 auctor
224 4056 330 4118 noster,
355 4056 384 4108 et
408 4070 469 4108 oum
489 4055 514 4110 S.
534 4056 680 4128 Scriptura
693 4096 694 4102 .
707 4062 795 4122 catur,
807 4058 930 4129 genuina
941 4057 1071 4113 habenda
1084 4058 1135 4110 est.
1155 4056 1196 4110 df.
1209 4071 1281 4124 quae

106 4140 277 4195 sententiam
301 4142 420 4211 positive
447 4160 604 4214 expressam
633 4165 678 4202 ex·
693 4130 694 4177 i
707 4147 742 4200 de
760 4164 793 4201 ea
812 4145 956 4216 disputavi
967 4145 998 4199 in
1011 4143 1226 4213 Prolegomenis.
1248 4175 1280 4183 -

106 4228 212 4292 hibeat,
227 4231 349 4285 conicere
361 4231 435 4295 licet,
449 4231 612 4288 Doctrinam
622 4252 679 4290 esse
706 4236 845 4309 εὐλογεῖτε
862 4265 897 4276 —
915 4234 1073 4291 διωκόντων
1088 4229 1169 4304 ὑμᾶς]
1191 4233 1283 4287 Verba

106 4317 214 4378 iontem
238 4318 436 4390 principalem,
460 4338 493 4375 ex
511 4340 566 4392 quo
589 4326 693 4393 poste-2
708 4324 803 4380 omnia
821 4324 955 4394 leguntur
975 4322 1077 4377 Matth.
1090 4323 1115 4388 5,
1128 4323 1169 4376 44.
1199 4321 1282 4378 Modo
