2918 4890
384 320 573 377 DUODEOIM
592 322 856 380 APOSTOLORUM
874 328 895 392 Ι,
914 329 992 385 3-4.
1253 334 1272 398 ἵ

96 495 277 565 Bautae
297 499 550 565 maledicentibus
573 502 658 566 vobis
681 506 713 566 et
736 509 821 569 orate
837 527 901 586 pro
924 507 1061 571 inimicis
1083 510 1205 588 emtum,
1227 510 1274 574 ie·

94 602 209 668 innata
224 625 289 686 pro
307 606 566 688 persequentibus
588 627 661 686 cos,
684 629 763 688 puae
785 610 870 674 enim
883 612 999 693 pratia,
1021 612 1273 695 stellantem,

96 693 426 793 quaemultasciat
453 711 565 776 Nouae
594 718 621 777 et
647 719 751 795 prutes
781 715 863 780 idem
886 716 1038 797 fuciunt?
1072 713 1137 781 Vos
1168 723 1274 782 autem

96 813 511 897 circumscriptarum
526 838 586 897 cos,
600 841 702 902 neque
718 820 883 886 inimicum
894 822 1063 887 habebitis.
1096 824 1126 887 4.
1143 823 1275 890 Abstiuc

97 940 121 982 a
142 912 378 993 meantibuset
401 923 618 1005 corporalibus
642 924 873 1004 cupiditatibus.
919 925 953 990 si
974 927 1045 1011 quis
1065 929 1125 992 tibi
1144 929 1299 1014 plagam

94 1022 245 1088 intulerit
254 1025 303 1090 ⁴:iu
324 1025 481 1090 doctam
502 1029 682 1109 mudum,
706 1032 824 1110 praebe
853 1032 902 1096 illi
932 1038 959 1097 ct
981 1034 1126 1112 alterurn,
1158 1039 1190 1098 et
1211 1036 1274 1100 cris

91 1129 271 1211 perfectus,-
294 1130 322 1195 si
345 1133 415 1214 quis
438 1135 651 1215 asportaverit
672 1140 700 1200 te
720 1136 805 1200 mille
814 1158 943 1218 possus,
966 1138 1042 1202 uude
1057 1158 1126 1202 cum
1141 1139 1195 1204 illo
1210 1140 1272 1205 duo

95 1234 207 1314 miltu3
233 1235 263 1298 si
287 1235 358 1319 quis
380 1239 546 1303 sustulerit
583 1241 721 1321 pallium
751 1247 854 1322 tuum,
885 1243 926 1306 da
956 1244 984 1307 ec'
1010 1249 1037 1308 ct
1059 1245 1215 1324 tunicum
1245 1247 1272 1309 si

95 1338 170 1422 quis
194 1339 364 1405 abstulerit
386 1365 405 1406 a
427 1346 477 1423 te,
509 1346 591 1425 quod
613 1350 702 1410 tuum
724 1351 783 1426 ast,
816 1369 855 1412 ae
884 1354 1023 1429 repetus;
1054 1350 1271 1433 nequeenim

95 1582 154 1636 Illa
179 1568 495 1658 abtamsspraeferenda·
508 1589 557 1642 est.
594 1589 801 1685 Infrapccovet
813 1590 1098 1664 xcubvinvertuntur.
1125 1590 1189 1647 Luc.
1202 1593 1227 1656 6,
1238 1593 1272 1647 29

94 1672 122 1735 2,
134 1676 148 1726 7
160 1671 385 1754 Doctrina-dicit:
405 1673 438 1731 οὐ
448 1681 572 1747 μισήσεις
581 1676 672 1733 πάντα
685 1687 687 1789 p
700 1679 751 1732 has
769 1695 848 1734 voces
867 1678 962 1734 eodem
980 1677 1093 1746 quidem
1107 1677 1205 1733 ordine
1223 1697 1272 1748 po·

94 1755 290 1834 dvbpmuobitv·
313 1771 333 1811 :'
685 1794 687 1857 p
700 1766 764 1829 suit,
783 1785 837 1835 quo
847 1764 990 1827 Doctrina,
1004 1765 1052 1819 sed
1062 1765 1133 1819 aliae
1144 1765 1180 1819 ab
1189 1766 1271 1819 hrains

148 1850 174 1902 4.
203 1859 226 1902 o.
246 1858 421 1918 uauuaxdrv
439 1851 502 1906 cod:
530 1860 672 1921 κοσμικῶν
699 1855 780 1906 textu
798 1852 889 1922 magis
908 1852 1056 1922 discrepat.
1080 1882 1114 1892 -
1135 1850 1184 1909 ἐὰν
1201 1853 1272 1924 λάβῃ

96 1935 217 1992 constit.
237 1953 282 2007 ap.
301 1936 400 2002 VII,1
428 1941 457 1993 et
481 1938 575 2008 plures
600 1939 669 2003 edd,
697 1940 767 2008 act]
781 1939 845 1994 Luc.
856 1942 880 2002 6,
892 1940 932 1994 30.
962 1940 1122 1994 Matthaeus
1134 1939 1203 1992 haec
1214 1957 1271 1994 non

92 2025 262 2093 praesertim
272 2025 669 2100 Bryennius.—dutxovxut.]
698 2027 792 2081 habet.
831 2026 894 2080 Una
927 2044 993 2097 ergo
1024 2027 1167 2081 sententia
1189 2026 1271 2080 huius

92 2112 107 2165 I
126 2112 201 2169 Petr.
220 2113 297 2179 a,.11.
325 2112 365 2167 (tf.
385 2114 472 2178 maa,
485 2117 531 2180 12;
549 2116 670 2170 IIGlem.
698 2131 791 2167 versus
809 2114 884 2182 apud
897 2112 1008 2179 Lucam,
1030 2130 1087 2167 una
1105 2115 1179 2185 apud
1198 2114 1271 2168 Mat·

94 2201 137 2265 17,
156 2200 173 2253 3
191 2203 332 2269 (κοσμικιιὶ
354 2199 518 2271 ἐπιθυμίαι).
555 2203 583 2256 Si
607 2218 669 2258 eon·
697 2201 812 2255 thaeum
831 2201 917 2256 deest.
954 2202 1081 2271 Utraque
1098 2200 1270 2258 veroinTa-

92 2289 205 2341 textum
217 2283 378 2357 respexeris,
395 2289 464 2344 haec
473 2291 562 2345 ,verba
575 2291 622 2344 vix
634 2291 669 2344 de
697 2289 768 2343 tiani
777 2288 958 2360 Diatessarop
969 2291 1075 2356 exstat..
1088 2289 1122 2347 ln
1134 2288 1186 2342 hoc
1198 2287 1271 2347 libro

93 2373 493 2443 cupiditatiursimmundis,
509 2378 555 2430 sed
576 2379 669 2446 potius
697 2377 843 2444 praeterea
861 2377 999 2445 quattuor
1009 2374 1199 2435 huiuscversus
1210 2386 1271 2433 sen·-

93 2460 128 2514 de
160 2460 314 2515 desideriis¹
335 2461 479 2517 hominum
511 2464 668 2534 cupidinem
697 2464 804 2517 tentiae
821 2464 852 2517 in
868 2463 963 2519 eodem
977 2463 1078 2521 ordine,
1092 2461 1190 2538 quoin
1204 2462 1270 2522 Doc·
1384 2507 1388 2513 .

92 2547 187 2602 carnis
206 2528 382 2617 sequentium
399 2549 429 2604 in
447 2551 607 2605 universum
626 2553 668 2606 in·
697 2549 774 2605 trina
793 2550 937 2619 leguntur,
957 2552 985 2604 et
1003 2548 1270 2618 quartaineafor-

92 2635 302 2704 terpretaberis.
321 2636 427 2693 Auctor
438 2639 528 2694 dicere
541 2638 667 2692 videtur:
696 2655 754 2700 ma,
775 2655 847 2706 quae
864 2639 895 2692 in
913 2639 976 2701 hac,
1002 2653 1092 2706 neque
1110 2653 1175 2692 vero
1193 2635 1223 2689 in
1242 2635 1269 2690 S.

92 2721 225 2777 devitans
242 2722 412 2792 cupiditates
422 2728 557 2789 carnales,
571 2725 593 2779 ei
606 2726 668 2795 quis
697 2723 841 2793 Scriptura
859 2724 1011 2779 invenitur.
1039 2723 1082 2780 Cf.
1094 2723 1179 2786 Zahn,
1199 2722 1268 2776 For-

93 2811 343 2879 tepercusseritin
355 2812 502 2868 maxillam
516 2814 667 2878 dexteram,
695 2812 829 2882 sebuaqeu
844 2814 864 2875 l,
880 2813 929 2868 133
940 2830 980 2880 sq.
1008 2809 1270 2878 Consensusitaque

92 2897 151 2953 noli
169 2902 358 2966 repercutere,
384 2901 431 2954 sed
453 2901 546 2971 potius
564 2903 667 2971 praebe
696 2900 795 2953 tantus
813 2903 871 2964 est,
890 2902 923 2953 ut
943 2899 1016 2953 alter
1033 2897 1106 2951 liber
1125 2897 1161 2950 ab
1179 2897 1270 2953 altero

92 2985 253 3039 etalteram
266 2987 422 3040 maxillam.
436 3003 466 3028 —
484 2987 532 3046 ἐάν
545 3010 587 3057 τις
596 2991 667 3059 act]
695 2987 815 3056 pendere
841 2988 902 3042 iure
931 2987 1087 3054 meritoque
1113 2987 1267 3039 censeatur.

91 3071 255 3126 Matthaeus
279 3074 304 3137 5,
327 3075 361 3128 39
386 3075 511 3129 exhibet:
537 3072 613 3143 ὅστις
635 3097 667 3134 σε
695 3073 760 3139 Quis
774 3078 867 3129 autem
879 3073 1015 3145 posterior
1028 3071 1072 3135 sit,
1089 3073 1187 3127 auctor
1200 3071 1269 3127 Doc-

92 3158 203 3233 ῥαιιίσει
222 3158 267 3216 ἐπὶ
286 3166 335 3232 τὴν
353 3161 445 3230 δεξιὰν
462 3169 521 3219 κτλ.
550 3164 665 3220 Cibus.
695 3163 788 3218 trinae
807 3181 844 3217 an
858 3163 1002 3225 Tatianns,
1023 3160 1070 3215 vix
1083 3160 1199 3214 dubium
1217 3163 1268 3216 est.

91 3250 117 3309 6,
135 3248 178 3302 29.
203 3277 239 3286 -
264 3242 313 3319 ἔσῃ
331 3248 445 3319 τέλειος]
467 3253 572 3306 Auctor
591 3253 666 3307 haud
747 3250 872 3324 οὐδὲγὰρ
882 3247 1006 3318 δύνασαι]
1024 3248 1129 3303 scilicet
1142 3247 1269 3306 ἀπαιτεῖν

92 3333 176 3388 dubie
186 3336 308 3405 respexit
318 3336 420 3392 Matth.
432 3340 455 3400 5,
465 3339 507 3402 48,
521 3339 569 3393 ubi
582 3357 666 3394 evan·
693 3338 874 3413 παρ’ἀσεβῶν
881 3341 927 3394 καὶ
933 3335 1060 3407 ἐξουσίαν
1066 3335 1187 3409 ἐχόντων
1195 3342 1269 3412 drup-

94 3421 577 3495 gelistalaudatissingulisDomini
588 3445 666 3498 prae·
693 3427 789 3498 πάζειν
806 3426 842 3483 τὰ
860 3432 918 3482 τῶν
927 3429 1112 3498 Χριστιανῶν,
1131 3425 1268 3509 utintern

90 3508 178 3578 ceptis
203 3510 239 3564 ad
265 3510 464 3580 perfectionem
483 3515 665 3571 christianam
694 3517 824 3584 pretatur
837 3513 1002 3582 Bryennius.
1032 3511 1268 3592 IoannesGlima-

90 3596 296 3666 pertinentibus
320 3599 473 3655 concludit:
497 3597 599 3660 luenda
616 3599 667 3662 οὖν
695 3621 741 3656 cus
758 3603 789 3656 in
802 3602 862 3658 loco
875 3600 905 3655 in
919 3592 1267 3671 Prolegomenis'lriudato,

89 3681 167 3754 ὑμεῖς
186 3683 294 3751 τέλειοι,
311 3681 407 3760 ὥσπερ
425 3687 447 3744 ὁ·
459 3696 550 3765 πατὴρ
560 3688 667 3761 tumet
695 3691 743 3759 qui
761 3692 816 3744 huc
833 3690 974 3760 pertinere
987 3688 1109 3753 videtur,
1128 3706 1268 3742 summum

90 3770 121 3829 ἐν
140 3781 198 3841 τοῖς
216 3772 345 3848 οὐρανοῖς
366 3774 469 3844 τέλειός
487 3776 570 3835 ἐστιν.
607 3780 667 3836 Vox
697 3778 809 3848 pietatis
836 3777 997 3846 fastigium·
1010 3776 1041 3830 in
1060 3794 1091 3832 eo
1115 3791 1172 3830 esse
1191 3774 1266 3840 dicit,

90 3860 179 3915 etiam
206 3861 281 3915 infra
309 3863 338 3928 6,
362 3866 378 3916 ‘l
402 3864 525 3934 legitur;
551 3867 667 3921 verbum
694 3864 889 3936 quodaiiquis
908 3881 954 3928 ea,
972 3880 1048 3933 ¹quae
1065 3863 1119 3933 ipsi
1138 3862 1268 3916 auferun-

89 3953 214 4006 τελειοῦν
243 3949 287 4012 10,
308 3951 340 4016 5;
362 3952 410 4014 16,
431 3954 453 4005 t.
492 3952 533 4008 cf.
562 3956 666 4010 Matth.
694 3960 748 4018 tur,
767 3952 884 4008 etiamsi
898 3954 998 4021 potest,
1018 3969 1074 4006 non
1094 3951 1206 4019 repetit.

92 4038 132 4100 19,
146 4038 189 4091 21·
217 4036 281 4092 Luc·
295 4040 319 4101 6,
332 4040 375 4093 40.
394 4071 428 4079 -
448 4039 668 4116 ἐὰν-ἀγγαρεύσῃ
729 4043 753 4100 5.
772 4039 946 4120 nanclart]
971 4039 1045 4092 Haec
1067 4037 1208 4092 sententia
1231 4038 1267 4091 le·

88 4125 160 4196 aab]
179 4125 281 4179 Matth.
302 4128 326 4191 5,
338 4128 381 4183 41.
414 4128 501 4182 Lucas
518 4130 667 4200 hancpar-
694 4123 772 4206 gitur
796 4118 912 4191 Iiuc.·b,
933 4126 981 4187 30,
1005 4125 1054 4178 ubi
1082 4128 1177 4178 autem
1201 4142 1267 4194 pars

89 4211 208 4266 ticulum
226 4231 283 4269 non
302 4214 396 4270 habet.
415 4247 449 4255 —
468 4215 517 4274 ἐὰν
532 4212 667 4292 iipasch]
695 4219 786 4272 altera
808 4213 1042 4284 itaamplificata
1061 4215 1117 4269 eet:
1141 4216 1187 4269 καὶ
1210 4211 1267 4270 ἀπὸ

90 4300 195 4356 Matth.
215 4305 238 4365 5,
258 4301 308 4366 40,
327 4302 376 4357 ubi
394 4307 490 4359 autem
509 4323 588 4361 voces
605 4304 666 4376 tuot·
694 4314 745 4362 τοῦ
761 4301 891 4379 αἴροντος
909 4302 944 4361 τὰ
955 4301 992 4362 σὰ
1003 4306 1041 4376 μὴ
1053 4300 1171 4360 ἀπαίτει.
1195 4303 1267 4357 Mat·
