2918 4890
398 345 586 402 Doonnonr
603 342 869 402 APOSTOLORUM
893 343 939 408 IV,
958 345 1051 399 6-14.
1269 348 1308 412 17

134 529 208 573 vero
227 507 429 574 contrahere.
476 507 506 571 6.
530 505 563 570 Si
586 507 662 590 quid
684 505 782 570 habes
804 528 861 590 per
883 528 995 569 manus
1018 508 1100 584 tuas,
1124 504 1213 568 dabis
1236 526 1309 587 pre-

134 613 217 676 tium
241 613 281 677 ad
302 611 485 678 redimenda
507 614 637 694 peccata
659 614 725 674 tua.
772 611 801 674 7.
830 608 905 675 Non
928 610 1089 674 dubitabis
1111 610 1187 673 dare
1208 630 1310 692 neque

135 719 360 797 murmurabis,
383 740 455 782 cum
471 717 541 791 das3
566 736 735 800 cognosces
757 720 873 794 autem,
897 715 968 799 quis
984 715 1027 778 sit
1042 714 1143 778 bonus
1159 713 1310 778 mercedis

135 823 321 905 retributor.
368 823 398 886 8.
422 820 497 886 Non
515 821 695 905 repudiabis
710 820 918 905 indigeriem,
941 821 1188 884 communicabis
1204 822 1311 883 autem

135 927 168 991 in
191 928 340 992 omnibus
363 949 435 992 eum
457 926 557 990 fratre
579 929 636 989 tuo
659 946 716 988 nec
739 925 911 1009 quidquam
935 925 1018 989 dices
1033 925 1213 1008 proprium3
1236 947 1337 996 nam,

136 1033 162 1096 si
184 1033 220 1096 in
243 1032 478 1097 immortalibus
500 1035 661 1095 consortes
686 1030 771 1111 estis,
794 1034 914 1114 quanto
930 1030 1033 1114 magis
1048 1031 1082 1094 in
1097 1031 1309 1110 mortalibus?

222 1138 253 1201 9.
277 1135 352 1201 Non
375 1138 498 1200 auferes
531 1157 661 1198 manum
693 1136 782 1197 tuam
815 1133 923 1197 afilio
946 1137 1002 1199 tuo
1031 1135 1082 1199 vel
1113 1135 1221 1199 afilia
1243 1140 1310 1214 tua,

136 1242 189 1306 sed
212 1263 232 1306 a
253 1241 391 1326 pueritia
414 1240 539 1304 docebis
563 1262 615 1304 eos
638 1240 787 1304 timorem
807 1239 877 1303 Dei.
925 1242 975 1305 10.
999 1238 1074 1305 Non
1089 1241 1261 1324 imperabis
1276 1239 1311 1302 in

137 1346 350 1412 amaritudine
376 1350 433 1410 tua
456 1367 547 1410 servo
569 1349 626 1408 tuo
656 1344 707 1408 vel
731 1344 879 1423 ancillae,
910 1345 966 1428 qui
995 1345 1029 1407 in
1052 1346 1185 1409 eundem
1208 1344 1311 1409 Deum

137 1455 281 1536 sperant,
303 1472 345 1515 ne
366 1449 450 1515 forte
471 1471 536 1513 non
559 1449 694 1513 timeant
717 1448 830 1528 Deum,
853 1449 908 1533 qui
935 1471 1029 1534 super
1052 1454 1222 1534 utrumque
1243 1453 1350 1525 est310

137 1580 202 1622 non
225 1556 311 1621 enim
334 1555 422 1620 venit
444 1555 616 1619 secundum
638 1576 806 1638 personam
830 1576 958 1633 vocare,
991 1556 1045 1619 sed
1068 1556 1107 1619 ad
1130 1577 1202 1635 eos,
1232 1576 1311 1638 quos

137 1661 269 1746 spiritus
293 1660 505 1745 praepararit.
554 1661 603 1726 11.
631 1658 697 1724 Vos
730 1663 836 1723 autem
867 1660 950 1724 servi
972 1659 1153 1724 subicimini
1174 1659 1311 1724 dominis

138 1767 252 1831 vestris
275 1770 429 1850 tanquam
451 1766 587 1852 imagini
609 1765 669 1829 Dei
691 1766 725 1828 in
748 1765 936 1830 verecundia
959 1769 990 1829 et
1014 1766 1137 1829 timore.

227 1873 278 1935 12.
303 1870 414 1936 Oderis
436 1893 561 1936 omnem
584 1871 767 1955 hypocrisin
790 1874 822 1934 et
846 1870 1056 1954 quodcunque
1078 1869 1222 1953 displicet
1245 1868 1311 1933 Do-

138 1978 235 2041 mino.
276 1977 326 2040 13.
349 1974 400 2040 Ne
416 1976 615 2061 derelinquas
630 1976 780 2040 mundato
799 1973 940 2053 Domini,
957 1975 1109 2040 custodies
1123 1996 1207 2053 vero,
1231 1996 1312 2058 quae
1325 2012 1350 2048 15

140 2080 301 2165 accepisti,
324 2101 421 2162 aeque
443 2081 561 2146 addens
583 2102 680 2162 aeque
702 2080 832 2146 demens.
879 2081 929 2144 14.
961 2079 998 2144 In
1022 2079 1152 2144 ecclesia
1181 2079 1311 2143 confite-

140 2186 227 2250 beris
240 2188 369 2268 peccata
380 2188 446 2265 tua,
461 2208 565 2270 neque
580 2186 705 2250 accedes
722 2186 760 2249 ad
776 2185 953 2250 orationem
968 2190 1057 2249 tuam
1072 2185 1106 2247 in
1121 2184 1313 2249 conscientia

137 2292 232 2357 mala.
281 2290 370 2356 Haec
392 2295 440 2356 est
463 2292 516 2356 via
537 2293 631 2356 vitae.

137 2467 259 2530 sanctus,
278 2463 354 2519 euius
373 2462 459 2517 etiam
479 2466 507 2525 ί,
528 2465 553 2518 l.
572 2465 588 2518 3
606 2463 711 2520 mentio
741 2465 781 2530 10,
793 2465 825 2519 13
836 2465 908 2535 etc).
947 2465 1050 2520 Auctor
1061 2464 1151 2534 igitur
1163 2462 1220 2517 tria
1233 2481 1313 2517 man-

138 2555 178 2608 at.
197 2583 231 2592 ·-
250 2549 409 2624 ἡτοίμασεν]
430 2550 470 2606 of.
484 2551 562 2606 Rom.
582 2552 606 2616 8,
618 2554 710 2607 2930.
740 2551 816 2616 data,
836 2569 908 2622 quae
926 2552 956 2605 in
971 2550 998 2607 S.
1012 2551 1156 2620 Scriptura
1169 2550 1251 2605 modo
1264 2567 1313 2619 po·

176 2643 217 2696 11.
239 2650 279 2695 12.
298 2639 392 2696 δοάλοι
411 2639 461 2694 cod
476 2638 481 2710 )
499 2648 539 2692 13.
554 2636 633 2709 ὑμῶν
651 2655 712 2694 em:
740 2639 824 2696 sitivo
850 2639 1036 2709 pronuntiata
1064 2641 1130 2693 sunt
1162 2639 1204 2705 (cs.
1235 2641 1261 2702 1,
1282 2640 1312 2702 23

141 2731 221 2801 ἡμῶν
240 2726 291 2783 cod
308 2757 344 2767 -
363 2725 403 2780 Cf.
423 2726 492 2796 nph.
511 2729 536 2792 6,
550 2728 626 2781 5—8.
655 2726 711 2782 Col.
725 2693 727 2823 Ι
740 2727 828 2794 4,12),
841 2726 1004 2781 informem
1016 2727 1181 2795 negativam
1194 2726 1312 2795 redegit.

139 2821 163 2883 3,
183 2818 228 2872 22.
256 2815 312 2871 Tit.
330 2816 356 2878 2,
375 2817 399 2870 9.
427 2813 532 2869 IPetr.
552 2816 576 2878 2,
596 2814 636 2869 18.
741 2812 781 2868 De
799 2813 884 2869 tertio
902 2814 1039 2869 mandato
1065 2814 1097 2868 of.
1118 2816 1212 2867 autern
1231 2812 1313 2867 Prov.

175 2904 287 2959 12-14.
323 2903 461 2956 Mandata
496 2903 640 2972 generalia
676 2901 712 2957 ad
740 2903 765 2966 4,
784 2903 808 2955 2.
823 2905 846 2955 5.
870 2932 893 2939 -
919 2899 1034 2969 ἐντολάς
1050 2923 1075 2957 κ.
1096 2900 1225 2973 φυλάξεις
1242 2897 1312 2968 κτλ]

141 2993 218 3049 viam
237 2992 314 3046 vitae
332 2989 498 3060 spectantia.
515 2993 517 2996 ’
740 2988 820 3043 Dent.
842 2991 872 3051 4,
891 2990 922 3041 2:
946 2986 980 3044 οὐ
997 2991 1174 3061 προσθήσετε
1191 2988 1262 3061 πρὸς
1280 2989 1313 3046 τὸ

175 3080 217 3135 12.
253 3082 377 3150 μισήσεις
394 3096 423 3133 π.
441 3074 499 3146 ὑπ]
525 3075 565 3131 01.
585 3077 628 3131 Ps.
654 3077 711 3139 118,
740 3076 822 3150 ῥῆμα,
841 3075 857 3132 d
876 3074 932 3149 ἐγὼ
944 3074 1104 3145 ἐντέλλομαι
1116 3074 1187 3146 ὑμῖν,
1205 3080 1251 3132 καί
1264 3076 1315 3134 οὐκ

120 3173 122 3177 ’
141 3168 202 3222 128:
231 3174 324 3224 πᾶσαν
341 3162 408 3222 ὁδὸν
425 3158 520 3222 άδικον
537 3161 659 3236 ἐμίσησα.
679 3197 713 3205 -
740 3162 869 3234 ἀφελεῖτε
888 3162 936 3221 ἀπ’
950 3163 1048 3221 αὐτοῦ·
1067 3165 1247 3237 φυλάσσεσθε
1265 3169 1315 3235 τὰς

137 3260 176 3328 μὴ
195 3252 314 3329 ἀρεστὸν
341 3259 379 3327 τῷ
402 3251 497 3328 κυρίῳ]
525 3251 657 3307 Formula
682 3252 712 3306 in
740 3249 856 3318 ἐντολάς
881 3253 986 3324 κυρίου.
1022 3251 1103 3306 Dent.
1126 3253 1169 3315 12,
1189 3253 1237 3307 32:
1266 3276 1313 3327 φυ·

139 3342 165 3397 S.
181 3340 328 3409 Scriptura
336 3357 444 3409 semper
453 3339 572 3410 positive
585 3358 714 3410 expressa
741 3338 809 3410 λάξή
826 3347 930 3396 ποιεῖν·
951 3338 984 3396 od
999 3343 1170 3413 προσθήσεις
1182 3338 1226 3397 ἐπ’
1238 3341 1314 3407 αὐτὸ,

138 3447 198 3485 esse
215 3427 335 3482 videtur.
374 3426 503 3492 Dentt,
525 3428 556 3482 18
580 3428 713 3496 legimus:
742 3425 806 3483 οὐδὲ
831 3424 942 3498 ἀφελεῖς
968 3424 1016 3484 ἀπ’
1041 3426 1133 3483 αὐτοῦ.
1170 3427 1212 3482 ef.
1235 3429 1315 3486 ProV.

138 3521 263 3589 ποιήσεις
289 3514 322 3569 τὸ
349 3511 469 3588 ἀρεστὸν
494 3519 540 3571 καί
569 3516 601 3572 τὸ
628 3519 715 3575 καλὸν
742 3515 785 3580 30,
805 3516 829 3567 6.
858 3514 1012 3577 Euclea-3,
1033 3514 1073 3568 14·
1108 3515 1190 3584 Ap00·
1209 3518 1252 3579 22,
1275 3519 1314 3570 18·

139 3601 232 3662 ἔναντι
250 3603 347 3675 κυρίου
365 3609 416 3657 τοῦ
435 3607 505 3659 θεοῦ
514 3623 573 3660 σου.
605 3604 715 3660 Similia
743 3603 784 3656 19.
813 3601 874 3655 nus.
894 3601 926 3657 Η.
947 3601 977 3654 E.
998 3601 1031 3664 V,
1051 3602 1090 3655 16.

141 3692 229 3747 verba
240 3691 354 3744 exstant
363 3688 443 3743 Dent.
458 3691 498 3754 12,
508 3691 548 3745 25.
560 3691 609 3757 28;
625 3693 716 3758 13,18.
779 3690 818 3744 14.
856 3687 886 3745 ἐν
904 3687 1043 3767 ἐκκλησίᾳ]
1070 3690 1111 3745 Cf.
1129 3691 1206 3745 infra
1225 3692 1271 3754 14,
1292 3693 1314 3745 1.

176 3781 218 3835 13.
256 3777 290 3835 οὐ
316 3783 355 3849 μή
382 3775 441 3851 syx-
468 3776 582 3846 ἐντολὰς
607 3777 714 3851 κυρίου]
743 3776 883 3831 Confessio
902 3779 1093 3846 peccatorum,
1115 3798 1199 3848 quam
1219 3783 1315 3834 auctor

140 3869 236 3924 Etiam
255 3867 307 3923 hoc
316 3865 484 3921 mandatum
494 3866 524 3920 in
534 3865 558 3920 8.
571 3866 716 3935 Scriptura
743 3865 878 3933 postulat,
898 3867 941 3918 est
958 3865 1181 3935 igiturpublica.
1208 3865 1314 3920 Barna·

139 3956 198 4011 fera
226 3969 335 4023 semper
363 3952 483 4022 positive
518 3968 647 4022 expressa
673 3955 716 4007 est
743 3952 793 4005 bas
815 3953 855 4014 19,
870 3952 901 4005 12
920 3951 1006 4006 verba
1027 3952 1078 4006 illa
1096 3970 1152 4007 nou
1169 3953 1264 4007 habet.
1281 3984 1314 3992 --

140 4042 246 4098 verbis:
284 4040 420 4113 φυλάξετε
450 4040 484 4098 τά
513 4037 1014 4143 προστάγματάΙἐξομολογήσήκτλ]
1033 4038 1147 4095 lacobus
1165 4041 1314 4103 5,16sori·

140 4151 196 4201 μου
209 4130 283 4199 (lev.
300 4131 338 4190 18,
353 4129 398 4197 30)
417 4129 462 4183 vel
474 4128 524 4195 τὰς
536 4126 649 4195 ἐντολάς
660 4149 716 4198 μου
728 4146 730 4221 ρ
743 4126 798 4181 bit:
818 4125 1035 4201 ἐξομολογεῖσθε
1054 4122 1104 4183 οὖν
1120 4125 1247 4199 ἀλλήλοις
1265 4130 1316 4198 τὰς

140 4217 219 4288 (Lev.
232 4217 273 4280 21,
288 4216 332 4283 31)
354 4216 398 4269 vel
417 4216 597 4288 φυλάσσεσθε
610 4215 660 4282 τὰς
674 4213 715 4271 ἐν·
743 4214 878 4291 ἁμαρτίας
898 4221 944 4274 καὶ
967 4216 1158 4290 προσεύχεσθε
1183 4216 1253 4293 ὑπὲρ
1270 4218 1315 4276 άλ-

141 4304 226 4372 τολάς
242 4307 339 4377 κυρίου
365 4303 457 4373 (Dent.
476 4305 506 4366 4,
527 4304 549 4356 2.
566 4305 615 4367 40;
635 4304 665 4365 8,
685 4306 700 4356 0
707 4326 714 4367 ;
743 4308 841 4375 λήλων,
859 4303 985 4358 Clemens
1005 4303 1016 4355 1
1036 4304 1094 4360 Cor.
1114 4307 1157 4371 51,
1176 4310 1207 4362 3:
1230 4308 1316 4365 καλὸν

194 4409 275 4451 Docta.
290 4411 367 4459 apost.
384 4410 420 4451 ed.
433 4409 510 4452 nauh
1091 4409 1109 4462 2
