2918 4890
142 287 232 362 Lxfl
590 286 870 354 raotaeonml.

141 462 178 522 ut
201 479 247 535 ea,
271 477 391 540 quaec
414 451 568 518 Doctrina
590 456 806 538 apostolorum
830 457 964 541 repetita
988 482 1131 544 quaeque
1148 456 1317 526 Barnabae

141 565 233 640 sunt,
265 561 383 625 litteris
412 559 641 624 discernantur.
687 559 749 626 Hic
771 584 871 644 pauca
898 563 936 627 de
959 569 1087 630 auctore
1114 571 1145 630 et
1175 569 1320 650 tempore

145 667 321 749 scripturae
344 664 487 729 addenda
509 668 593 728 sunt.

228 770 302 837 Non
319 771 487 835 defuerunt
510 771 628 835 nostris
652 771 772 851 diebus,
796 774 851 856 qui
867 774 1036 857 epistulam
1050 773 1218 838 Barnabae
1241 797 1320 859 apo-

140 878 223 942 stolo
234 875 471 941 attribuendam
483 897 550 940 esse
565 877 744 956 censebant,
761 878 878 961 quippe
893 880 948 962 qui
965 880 1152 944 aveteribus
1168 880 1318 944 omnibus

141 987 253 1048 auctor
266 981 448 1060 haberetur,
472 981 659 1064 praesertim
675 980 858 1066 Freppel1),
882 982 1069 1068 Jungmann
1081 982 1117 1067 ²),
1139 983 1320 1068 Nirschl³).

142 1088 344 1173 Argumenta
360 1107 444 1164 vero,
468 1107 549 1169 quae
564 1085 752 1167 attulerunt,
776 1110 841 1152 non
864 1095 939 1154 sunt
962 1090 1077 1155 valida.
1121 1089 1321 1155 Testimonia

139 1198 282 1258 veterum
297 1215 361 1256 non
377 1192 505 1256 omnino
521 1191 667 1275 probant.
704 1193 769 1257 Vix
784 1195 888 1259 minus
902 1196 1066 1259 unanimes
1084 1200 1203 1260 veteres
1221 1217 1318 1278 opera

140 1298 450 1384 pseudoclementina
474 1297 629 1360 Clementi
652 1295 797 1361 Romano
822 1298 1004 1363 adiudicant
1028 1322 1123 1384 quam
1147 1299 1319 1383 epistulam

141 1408 285 1469 nostram
300 1402 467 1466 Barnabae
483 1400 637 1483 apostolo,
661 1405 693 1464 et
715 1402 923 1468 nihilominus
944 1427 1036 1469 nemo
1059 1411 1116 1484 est,
1142 1405 1197 1488 qui
1220 1427 1319 1488 opera

139 1508 197 1573 illa
220 1510 316 1573 aliam
339 1506 495 1592 originem
518 1506 634 1571 habere
654 1507 789 1592 ignoret.
837 1510 928 1585 Quod
953 1514 1059 1574 autem
1081 1510 1219 1573 maxime
1241 1532 1319 1593 pro-

142 1614 242 1694 hibet,
265 1634 305 1676 ne
327 1611 494 1695 epistulam
512 1609 692 1675 aBarnaba
716 1613 859 1695 apostolo
883 1615 1033 1699 scriptam
1049 1638 1116 1680 esse
1132 1615 1320 1694 iudicemus,

142 1722 190 1782 est
211 1716 387 1800 scripturae
409 1714 568 1779 sententia
590 1716 628 1780 de
652 1720 755 1781 vetere
778 1721 978 1799 testamento,
1005 1719 1222 1803 apostolorum
1246 1742 1320 1784 sen-

139 1823 258 1888 tentiae
281 1821 375 1905 plane
398 1842 589 1905 repugnans.
636 1820 715 1886 (lum
738 1823 822 1887 enim
847 1825 982 1907 apostoli
1005 1829 1190 1910 agnoscant,
1219 1827 1320 1891 sacri·

139 1928 213 1991 ficia
224 1931 256 1991 et
267 1931 435 2010 praecepta
447 1926 669 1991 caerimonalia
681 1930 864 1993 testamenti
878 1930 1004 2010 veteris,
1016 1931 1110 1995 modo
1126 1931 1166 1995 ad
1178 1935 1318 2015 tempus,

140 2031 242 2095 aDeo
264 2031 414 2095 instituta
437 2051 514 2109 esse,
543 2035 653 2095 auctor
675 2031 829 2116 epistulae
852 2034 896 2098 eis
919 2055 1045 2099 omnem
1068 2037 1133 2100 vim
1156 2035 1320 2101 abiudicat

140 2157 239 2219 eaque
267 2135 395 2199 nonnisi
419 2157 476 2217 per
498 2158 637 2200 errorem
669 2137 719 2200 vel
750 2136 870 2202 Satana
892 2137 1025 2203 Iudaeos
1056 2140 1231 2224 decipiente
1261 2139 1318 2224 (cf.

140 2240 237 2304 Barn.
256 2240 286 2319 9,
302 2241 336 2324 4)
361 2244 432 2303 orta
454 2261 521 2304 esse
541 2242 670 2323 exponit
687 2242 874 2326 copioseque
890 2243 1096 2310 demonstrat.
1135 2243 1223 2309 Num
1239 2268 1320 2329 apo-

140 2345 240 2409 stolus
275 2346 324 2408 vel
356 2345 458 2409 socius
488 2347 706 2428 apostolorum
740 2347 819 2411 talia
853 2349 1014 2431 scripsisse
1045 2350 1152 2433 putari
1186 2353 1319 2433 potest?

142 2449 299 2533 Equidem
322 2449 414 2514 valde
436 2450 559 2514 dubito.

230 2553 366 2638 Tempus
390 2556 545 2638 epistulae
568 2556 674 2640 plures
697 2559 832 2641 ecapite
846 2558 924 2623 XVI
939 2558 1060 2624 elucere
1076 2563 1200 2642 putant.
1234 2558 1319 2623 Cum

140 2661 187 2725 ibi
211 2660 248 2724 de
264 2659 383 2743 templo
407 2659 556 2744 erigendo
580 2683 683 2725 sermo
706 2662 748 2725 sit
771 2685 807 2726 ac
823 2662 1007 2728 Hadrianus
1030 2663 1162 2746 imperio
1184 2664 1318 2728 ineunte

141 2765 268 2831 Iudaeis
290 2764 529 2849 permissionem
553 2766 664 2849 templi
687 2767 909 2831 reaedificandi
931 2768 1053 2832 dedisse
1069 2769 1225 2847 tradatur,
1249 2769 1317 2851 epi-

140 2873 258 2937 stulam
280 2872 372 2936 annis
396 2871 567 2936 117-120
590 2872 642 2936 rel
666 2873 835 2936 117-125
860 2873 1037 2937 confectam
1060 2895 1126 2937 esse
1146 2872 1316 2956 colligunt.

138 2977 297 3060 Loman⁴)
327 2999 428 3060 nuper
456 2975 526 3041 loco
557 2976 613 3040 illo
642 2978 764 3042 innisus
797 2978 966 3062 epistulam
995 2978 1034 3041 ad
1057 2999 1158 3042 annos
1181 2978 1316 3061 imperio

140 3081 297 3147 Hadriani
313 3082 444 3147 ultimos
467 3082 517 3147 vel
535 3082 706 3147 135-138
722 3084 842 3148 retulit.
874 3083 920 3147 At
943 3083 1109 3166 templum,
1126 3082 1211 3166 quod
1228 3083 1315 3147 aedi-

138 3185 268 3248 ficatum
290 3187 331 3250 iri
354 3188 431 3251 dicit
453 3187 635 3269 Barnabae,
666 3211 730 3253 non
753 3189 907 3272 templum
931 3187 1120 3253 Iudaeorum
1142 3187 1315 3272 lapideum,

141 3290 195 3354 sed
218 3292 373 3374 templum
396 3293 561 3375 spirituale
584 3294 635 3358 vel
658 3295 787 3358 ecclesia
806 3293 926 3358 Christi
950 3297 1006 3357 est.
1045 3292 1182 3357 Etiamsi
1207 3296 1315 3356 autem

140 3393 228 3457 locus
252 3394 289 3458 de
312 3396 431 3479 templo
456 3397 747 3481 Hierosolymitano
770 3399 1002 3483 intellegendus
1025 3402 1117 3477 esset,
1142 3397 1314 3481 epistrdam

138 3497 303 3562 Hadriano
325 3500 502 3584 imperante
517 3502 694 3566 confectam
710 3526 776 3567 esse
792 3525 992 3586 nequaquam
1008 3506 1202 3585 sequeretur.
1238 3501 1314 3567 Non

138 3603 224 3669 enim
242 3607 363 3667 certum
379 3608 436 3684 est,
459 3604 545 3671 hunc
560 3607 782 3691 imperatorem
800 3607 924 3672 ludaeis
939 3608 1095 3690 templum
1111 3607 1314 3672 reaedificare

138 3708 326 3794 permisisse.
372 3706 539 3784 Praeterea
561 3732 633 3774 cum
655 3709 764 3775 Iudaei
787 3712 951 3793 templum,
980 3715 1150 3795 postquam
1175 3712 1314 3776 deletum

139 3819 217 3895 erat,
241 3835 362 3895 semper
384 3813 620 3878 reaedificatum
642 3813 683 3876 iri
706 3819 878 3897 sperarent,
904 3813 1066 3879 Barnabas
1091 3817 1190 3880 etiam
1205 3817 1313 3900 priore

137 3956 346 3966 ...-.——-—

210 4006 235 4074 1)
254 4005 307 4059 Les
321 4003 398 4073 peres
416 4004 594 4072 apostoltqaes
611 4011 636 4058 et
654 4004 712 4058 tear
731 4003 829 4070 e'poqae
846 4001 887 4055 ed.
907 4001 947 4055 111
967 4003 1034 4058 1870
1053 4022 1080 4074 p.
1099 4006 1133 4060 88
1153 4022 1211 4073 sqq.

207 4092 236 4161 2)
254 4092 344 4146 Becco
361 4090 510 4160 caetratique
528 4091 559 4145 dc
577 4091 704 4145 Louoar'a
724 4088 792 4143 1882
811 4089 832 4141 t.
851 4088 885 4140 53
904 4104 930 4155 p.
950 4090 999 4142 271
1019 4107 1078 4159 sqq.

208 4181 235 4249 3)
254 4178 395 4234 Lelrrbact
413 4178 460 4232 der
477 4178 631 4247 Patrotopr'c
649 4176 716 4230 1881
736 4176 757 4227 t.
779 4175 791 4226 1
812 4191 840 4241 p.
860 4175 972 4227 53-57.

207 4268 235 4338 4)
257 4265 426 4336 ltcolopc'sct
447 4265 605 4334 Tc'y'dsctraft
624 4262 693 4318 1884
712 4264 734 4316 t.
756 4261 788 4314 18
806 4277 834 4328 p.
856 4259 1001 4315 182-218.
