2918 4890
369 233 556 291 Duonuclu
577 233 840 289 APOSTOLORUM
860 233 962 296 xiiio
999 232 1057 297 XV,
1072 234 1094 287 1.
1274 236 1316 298 43

142 398 170 461 6.
194 395 350 462 Similiter
373 395 400 460 si
423 416 550 459 urceum
574 393 640 458 vini
663 393 712 457 vel
729 392 790 456 olei
806 393 919 477 aperis,
942 415 1031 457 sume
1050 393 1208 476 primitias
1231 398 1263 458 et
1276 394 1316 457 da

142 502 315 586 prophetis.
362 501 391 564 7.
416 498 554 584 Argenti
577 502 608 563 et
627 497 808 563 vestimenti
825 499 989 582 omnisque
1004 499 1210 582 possessionis
1227 520 1315 562 sume

141 606 310 691 primitias,
334 606 416 670 sicut
439 604 499 669 tibi
522 604 635 687 placet,
659 607 691 667 et
713 604 753 667 da
775 604 948 668 secundum
971 607 1183 686 praeceptum.

226 710 315 776 XIV.
362 709 421 774 Die
443 708 601 773 dominica
624 711 730 772 autem
746 708 966 773 convenientes
982 708 1123 793 frangite
1144 730 1258 792 panem
1282 713 1314 773 et

142 816 266 902 gratias
289 816 386 901 agite,
410 819 579 900 postquam
603 813 717 878 delicta
732 818 838 878 vestra
853 813 987 878 confessi
1003 814 1089 892 estis,
1113 816 1149 877 ut
1164 813 1207 877 sit
1222 833 1339 877 mun-⁵

141 922 215 996 dum
235 921 425 986 sacrificium
448 923 599 985 vestrum.
646 918 756 984 Omnis
773 941 857 997 vero,
880 919 931 983 cui
947 922 994 982 est
1009 919 1224 984 controversia
1243 941 1314 983 cum

141 1025 242 1090 amico
266 1048 333 1106 suo,
357 1048 396 1090 ne
419 1025 587 1090 conveniat
610 1025 789 1104 vobiscum,
812 1025 910 1089 donec
933 1023 1127 1088 reconciliati
1150 1027 1244 1103 sunt,
1275 1046 1315 1089 ne

140 1131 327 1214 inquinetur
349 1130 539 1195 sacrificium
562 1134 712 1195 vestrum.
759 1132 788 1195 3.
813 1129 883 1194 Hoc
905 1129 990 1194 enim
1007 1133 1055 1194 est
1069 1129 1190 1193 dictum
1213 1128 1314 1193 aDo·

140 1237 245 1301 mino:
269 1236 312 1300 lo
336 1237 421 1300 omni
444 1237 507 1300 loco
531 1240 562 1301 et
585 1240 727 1321 tempore
750 1237 901 1320 offeretur
923 1235 1002 1298 altr·
1020 1233 1208 1314 sacrificium
1222 1255 1313 1297 mun·

141 1341 222 1421 dum,
247 1342 396 1424 quonlam
418 1362 475 1406 ren
495 1362 628 1426 αιαρααε
649 1363 727 1421 scm,
752 1341 826 1406 diat
848 1339 1017 1418 Domitian,
1041 1343 1198 1403 etnomea
1212 1360 1314 1403 meum
1329 1359 1353 1395 10

140 1446 285 1511 mantile
306 1446 341 1509 ta
361 1446 511 1529 pentibus.

229 1550 302 1616 XV.
348 1549 541 1618 Constituite
564 1554 665 1638 igitur
686 1553 777 1618 vobis
800 1554 962 1638 episcopos
984 1556 1016 1617 et
1037 1550 1185 1615 diaconos
1201 1549 1314 1634 dignos

142 1740 281 1797 offerendo
299 1757 332 1796 ao
350 1741 440 1796 fratre
458 1742 663 1798 reconciliando
681 1743 713 1797 li·
778 1742 839 1796 XV.
868 1744 994 1814 Episcopi
1017 1743 1046 1797 et
1064 1739 1173 1795 diaconi
1191 1739 1314 1808 eligendi

140 1828 233 1883 berins
257 1829 359 1884 reddit.
378 1859 411 1869 -
438 1834 477 1903 μὴ
501 1834 626 1904 rotvndi
642 1831 713 1902 art]
741 1833 808 1886 sunt
831 1832 1009 1888 ecclesiarum
1033 1829 1209 1898 singularum
1232 1843 1313 1897 prae-

141 1913 182 1970 of.
201 1915 306 1970 Matth.
327 1918 368 1983 15,
390 1918 492 1973 11-20
528 1919 612 1975 Maro.
632 1923 659 1984 7,
681 1922 712 1975 15
740 1919 825 1989 positi
848 1936 881 1975 ac
899 1918 1029 1974 ministri.
1065 1915 1184 1982 Quibu⁸s
1210 1916 1242 1968 Ul
1260 1931 1314 1970 V0¹

141 2005 217 2060 -23,
247 2002 367 2068 Hebri,
385 2007 422 2061 13.
455 2005 660 2061 Huncvorsum
672 2007 713 2061 al·
742 2003 792 2066 οὖν
810 2008 902 2078 capito
920 2007 1035 2062 ineunte
1052 2003 1170 2069 indicat,
1188 2018 1314 2072 praeser-

140 2090 484 2161 legatPseudocyprianus
507 2092 548 2148 Dc
562 2093 646 2148 alsat.
655 2110 676 2148 c.
687 2094 712 2158 4,
740 2094 794 2149 tim
818 2113 885 2150 orna
909 2093 1044 2164 liturgiae
1072 2091 1314 2151 administrandae

141 2178 248 2247 dequo
267 2176 302 2232 ef.
320 2176 528 2247 Prolegomcna.
739 2181 886 2237 incumbit.
924 2179 994 2235 (lum
1014 2181 1088 2236 enim
1102 2179 1244 2250 particula
1261 2178 1314 2232 illa

172 2267 197 2321 3.
224 2262 280 2322 ὑπὸ
292 2265 399 2340 κυρίου]
416 2266 626 2332 Animadverte,
638 2268 712 2337 quod
741 2269 793 2325 hoc
799 2271 885 2339 caput
895 2265 1051 2323 arctissime
1059 2285 1122 2322 cnm
1128 2267 1313 2337 praecedente

139 2353 269 2417 Domino,
294 2353 311 2408 i.
332 2369 355 2410 6.
374 2354 525 2409 secundum
545 2355 712 2411 locutionem
740 2358 921 2414 coniunctum
940 2356 989 2418 sit,
1009 2354 1150 2424 seqnitur,
1169 2352 1313 2418 ministris,

140 2440 288 2497 Doctrinae
307 2443 352 2507 (cf.
371 2442 453 2498 insor.
472 2445 497 2506 6,
511 2443 540 2506 2;
563 2443 586 2508 8,
598 2444 627 2506 2;
647 2446 671 2508 9,
683 2447 711 2508 53
740 2444 774 2500 de
792 2462 909 2514 quorum
928 2445 1062 2501 electione
1087 2444 1133 2499 hic
1155 2460 1243 2498 sermo
1262 2445 1313 2507 est,

141 2532 179 2595 10,
190 2531 218 2595 5;
241 2531 307 2594 12‚1
327 2532 390 2599 etc.)
409 2529 592 2586 Iesntlhristo
604 2530 711 2585 dictum
739 2533 889 2603 praecipue
907 2550 1008 2587 munus
1027 2532 1119 2602 capite
1133 2532 1184 2588 illo
1197 2547 1313 2586 comme·

139 2615 249 2673 Veteris
258 2617 432 2674 Testamenti
442 2619 617 2674 attribuitur.
641 2621 711 2673 Auc-
739 2623 882 2676 moratum
902 2618 1160 2675 administrandum
1178 2636 1244 2685 esse,
1263 2619 1313 2673 soi-

139 2706 183 2762 tor
202 2703 292 2774 igitur
305 2705 437 2762 Ebionita
456 2724 541 2777 aegre
553 2708 595 2762 est
608 2706 712 2762 haben·
739 2708 807 2762 licet
824 2707 973 2777 liturgiam
991 2705 1212 2762 eucharisticam.
1245 2706 1313 2762 Βοα-

138 2793 198 2849 dua.
217 2825 250 2834 -
270 2791 301 2850 ἐν
311 2797 395 2850 παντὶ
406 2793 476 2864 κτα]
496 2794 615 2851 Malach.
631 2796 654 2860 1,
669 2795 709 2849 11.
739 2796 818 2851 trina
849 2795 940 2864 igitur
966 2793 1100 2865 episeopis
1132 2797 1162 2849 et
1189 2792 1313 2848 diaconis

141 2883 180 2936 14.
218 2881 312 2936 Verba
340 2881 365 2935 S.
392 2878 553 2951 Scripturas
577 2883 655 2935 sunt:
683 2879 713 2938 ἐν
739 2882 814 2937 idem
827 2900 927 2937 munus
940 2881 1083 2947 attribuit,
1095 2882 1169 2951 quod
1185 2879 1313 2936 Clemens

138 2975 222 3030 παντὶ
240 2972 317 3048 τύπῳ
338 2973 466 3040 duplam
483 2968 654 3041 προσάγεται
673 2977 712 3046 τῷ
725 2982 727 3085 p
740 2971 891 3035 Romanus,
908 2970 957 3040 qui
972 2968 1059 3026 Illor.
1069 2987 1091 3024 c.
1100 2969 1206 3024 42-44
1217 2985 1313 3025 eornm

138 3060 257 3130 ὀνόματί
278 3079 335 3129 μου
355 3062 402 3115 καὶ
424 3059 510 3115 θυσία
526 3057 653 3133 καθαρά,
679 3098 685 3110 .
705 3098 711 3110 .
741 3075 840 3112 munus
858 3075 920 3112 cum
939 3073 1053 3111 munere
1071 3056 1248 3113 sacerdotum
1259 3055 1312 3111 Ve-

138 3150 207 3206 altr
224 3146 351 3221 βασιλεὺς
367 3144 454 3218 μέγας
472 3143 528 3217 ἐγώ
545 3143 614 3216 εἰμι,
639 3144 713 3219 λέγει
738 3146 807 3201 teris
820 3144 992 3201 Testamenti
1005 3145 1150 3214 comparat
1166 3146 1252 3214 atque
1269 3146 1312 3209 44,

137 3236 231 3310 κύριος
253 3233 471 3308 παντοκράτωρ,
497 3236 544 3290 καὶ
567 3233 600 3290 τὸ
623 3230 713 3305 ὄνομα
739 3236 756 3287 4
775 3250 820 3289 eos
842 3233 917 3289 dona
941 3233 1039 3290 offerre
1064 3237 1314 3308 (προσενεγκόντας

137 3345 193 3394 μου
211 3320 343 3395 ἐπιφανὲς
361 3319 392 3379 ἐν
409 3330 468 3389 τοῖς
486 3316 588 3379 ἔθνεσι.
626 3321 712 3378 Locus
740 3321 775 3380 τὰ
793 3325 878 3397 δῶρα)
896 3323 1028 3378 distincte
1044 3322 1120 3378 dicit.
1157 3322 1232 3388 Quae
1250 3341 1313 3377 cum

139 3409 393 3467 velutsacrificium
406 3409 620 3465 eucharisticum
633 3428 712 3481 prac-
738 3410 782 3464 ita
802 3410 873 3476 sint,
899 3411 1031 3467 Harnack
1054 3411 1161 3479 (adnot.
1186 3410 1222 3465 ad
1245 3411 1272 3463 h.
1293 3412 1312 3465 l.

138 3499 231 3554 dicens
256 3512 339 3566 saepe
366 3513 383 3550 a
405 3496 534 3565 patribus
560 3497 710 3567 allegatur.
739 3500 768 3553 et
794 3499 996 3568 Prolcgomena
1019 3516 1048 3569 p.
1073 3501 1122 3554 140
1141 3498 1212 3569 sqq.)
1236 3497 1312 3552 haud

139 3584 180 3641 cf.
208 3584 277 3639 Inst.
303 3582 375 3637 Dial.
402 3600 422 3638 c.
448 3585 489 3640 28.
509 3586 552 3640 41.
574 3586 631 3642 llo.
654 3588 711 3641 117.
739 3585 823 3642 dubie
841 3585 955 3650 erravit,
976 3585 1078 3651 dicens,
1097 3586 1169 3641 teste
1178 3585 1312 3641 Doctrina

137 3672 210 3727 Iren.
230 3670 302 3726 Adv.
322 3670 400 3727 haer.
418 3669 465 3735 IV,
479 3671 519 3736 17,
534 3673 559 3728 5.
572 3674 597 3727 6.
625 3671 710 3727 clem.
739 3673 872 3744 episcopis
887 3692 920 3729 ac
931 3673 1054 3730 diaconis
1066 3674 1157 3744 primo
1169 3692 1213 3730 res
1227 3675 1311 3730 socle-

137 3761 182 3814 Al.
203 3759 304 3815 Strorn.
324 3757 357 3821 V,
379 3759 419 3825 14,
442 3760 489 3814 137
507 3776 534 3829 p.
550 3760 609 3814 731.
636 3760 710 3815 Tert.
738 3760 844 3817 siarum
869 3761 1039 3830 temporales
1064 3762 1109 3816 vel
1136 3761 1312 3832 pecuniarias

137 3847 208 3902 Adr.
228 3846 288 3901 Iud.
308 3862 329 3899 c.
349 3849 378 3910 53
404 3845 475 3901 Adv.
496 3846 579 3902 Marc
600 3848 648 3913 ΙΙΙ,
669 3849 710 3903 27.
740 3847 990 3914 administrandas,
1009 3847 1128 3905 secundo
1142 3850 1311 3905 verbumdi·

137 3935 225 3992 Locus
248 3933 337 3989 etiam
361 3932 528 3990 insecundo
549 3933 712 4005 fragmento
741 3937 837 3991 vinnm
860 3935 1091 4007 praedicandum,
1116 3920 1255 4008 episcopos
1282 3941 1312 3994 et

138 4041 155 4078 a
174 4021 239 4076 Chr.
257 4019 334 4074 Pfaff
349 4020 400 4075 sub
420 4020 532 4077 nomine
543 4022 650 4079 Irenaei
669 4023 712 4080 in·
741 4022 870 4080 diaconos
889 4042 955 4096 ergo
969 4025 1083 4081 ecclesia
1095 4024 1249 4081 christiana
1267 4044 1311 4082 ex·

138 4112 222 4167 vento
240 4108 354 4178 legitur,
374 4108 409 4164 de
427 4126 482 4179 quo
500 4110 564 4167 vide
583 4111 711 4182 Prolego
739 4112 866 4168 ordiente
889 4112 1000 4169 nonnisi
1024 4130 1185 4170 oeconomos
1208 4115 1237 4168 et
1259 4113 1311 4168 mi-

136 4214 226 4254 mcna.
740 4199 841 4255 nistros
869 4200 947 4256 verbi
973 4198 1067 4256 fnisse.
1110 4201 1210 4261 Munus
1237 4201 1311 4261 enirn
