2918 4890
364 325 586 382 SANCTORUM
605 328 902 399 APOSTOLORUMI,
917 332 1017 400 l-VI,
1030 337 1054 391 3.
1246 338 1288 404 53

113 487 154 552 de
178 487 232 568 eis,
256 509 337 572 quae
360 487 528 552 audierunt
548 510 650 572 neque
665 496 880 572 servaverunt,
903 495 936 556 et
950 491 1043 557 iussit
1057 516 1115 559 nos
1130 516 1289 563 sermones

111 592 259 658 emittere
284 593 319 657 in
341 593 523 658 universam
545 598 681 658 terram:

202 695 244 762 H.
269 698 371 762 visum
396 698 497 783 igitur
520 703 568 763 est
587 699 679 764 nobis
701 701 735 764 in
757 702 1058 767 commendationem
1076 703 1288 771 fraternitatis

115 805 149 866 et
170 803 406 882 hortationem,
431 809 528 888 prout
549 805 685 891 singulis
708 806 863 872 Dominus
887 806 1040 872 revelarit
1062 807 1152 872 iuxta
1174 812 1288 875 volun·

113 911 216 972 tatem
232 907 291 973 Dei
313 931 370 993 per
392 909 539 994 spiritum
561 914 715 988 sanctum,
738 910 839 991 vobis,
862 912 917 996 qui
930 910 1018 975 verbi
1032 934 1185 977 memores
1202 915 1286 996 estis,
1315 935 1327 972 ⁶

112 1013 274 1080 mandare.
926 1035 928 1039 ·

202 1117 260 1184 IH.
300 1118 434 1184 loannes
456 1118 555 1183 dixit:
579 1117 651 1183 Viri
673 1119 807 1199 fratres,
838 1142 909 1184 cum
931 1119 1084 1185 noveritis
1106 1142 1164 1185 nos
1187 1124 1287 1188 ratio·

114 1246 189 1288 nem
213 1224 390 1289 reddituros
414 1246 480 1288 esse
512 1225 550 1289 de
571 1225 747 1309 praeceptis
768 1225 860 1289 nobis
884 1225 986 1304 datis,
1021 1247 1061 1289 ne
1083 1227 1287 1310 respiciamus

114 1328 197 1393 alter
219 1330 351 1393 alterius
373 1350 551 1413 personam,
575 1329 629 1395 sed
652 1329 680 1393 si
702 1328 921 1414 quisvidetur
944 1330 1057 1395 inutile
1079 1330 1155 1415 quid
1174 1332 1286 1413 dicere,

112 1435 350 1499 contradicatur
373 1435 411 1500 ci.
456 1433 570 1500 Visum
593 1438 641 1500 est
664 1438 770 1500 autem
789 1434 945 1516 omnibus,
972 1437 1055 1520 quod
1071 1434 1205 1502 loannes
1220 1439 1325 1523 pri-10

111 1563 184 1605 mus
207 1541 365 1626 loquatur.
1198 1627 1200 1631 Ι

203 1643 260 1711 IV.
302 1644 437 1712 loannes
460 1647 558 1711 dixit:
590 1646 671 1711 Viae
693 1646 773 1710 duae
795 1649 886 1727 sunt,
918 1668 981 1710 una
1008 1646 1092 1711 vitae
1122 1650 1155 1711 et
1186 1648 1287 1713 altera

112 1753 243 1829 mortis:
269 1753 437 1818 discrimen
460 1775 534 1817 vero
550 1775 703 1838 magnum
719 1753 803 1817 inter
820 1752 897 1816 duas
913 1752 1010 1830 ritas3
1034 1751 1086 1816 ria
1103 1752 1187 1816 enim
1202 1753 1286 1818 ritae

112 1857 191 1922 haec
211 1862 273 1923 est:
297 1859 445 1943 primum,
469 1859 590 1923 amabis
607 1858 719 1937 Deum,
743 1858 798 1942 qui
815 1862 847 1923 te
862 1857 947 1938 fecit,
971 1879 1010 1922 ex
1025 1861 1094 1921 toto
1110 1858 1202 1922 corde
1218 1861 1286 1938 tuo,

113 1965 146 2027 et
168 1962 363 2048 glorificabis
387 1986 468 2043 eum,
492 1965 547 2049 qui
568 1967 599 2029 te
615 1964 748 2029 redemit
764 1987 782 2027 a
797 1967 909 2042 morte,
934 1963 1019 2047 quod
1034 1966 1082 2026 est
1098 1963 1284 2028 mandatum
1299 1985 1324 2022 15

113 2067 263 2151 primum.
304 2070 462 2148 Alterum,
486 2069 599 2154 diliges
614 2070 794 2154 proximum
811 2073 902 2133 tuum
918 2068 1000 2132 sicut
1015 2070 1047 2132 te
1061 2067 1177 2151 ipsum,
1200 2069 1284 2152 quod

116 2175 165 2237 est
187 2173 373 2238 mandatum
397 2176 578 2252 secundum,
601 2176 634 2238 in
658 2175 773 2259 quibus
796 2174 943 2239 universa
960 2173 1012 2238 lex
1026 2173 1141 2258 pendet
1164 2177 1196 2238 et
1210 2196 1285 2257 pro-

111 2276 236 2361 phetae.

200 2383 241 2448 V.
280 2383 463 2450 Matthaeus
485 2385 582 2450 dixit:
605 2384 721 2451 Omnia
745 2408 949 2471 quaecunque
970 2408 1035 2450 non
1051 2386 1098 2449 vis
1121 2385 1182 2449 tibi
1205 2385 1285 2466 ficri,

112 2509 170 2552 nec
193 2491 229 2552 tu
245 2489 338 2554 alteri
352 2490 458 2555 facies.
498 2490 623 2555 Horum
638 2494 744 2556 autem
763 2491 929 2556 verborum
944 2490 1122 2555 doctrinam
1137 2491 1281 2570 edissere,
1297 2510 1323 2547 20

111 2592 213 2658 frater
235 2592 338 2658 Petra.

200 2697 256 2763 VI.
294 2698 408 2764 Petrus
431 2699 527 2764 dixit:
551 2699 627 2765 Non
648 2700 777 2780 occideS,
801 2722 865 2764 non
882 2697 1073 2763 adulterium
1088 2698 1195 2778 facies,
1218 2720 1282 2762 non

111 2804 329 2884 fornicaberis,
351 2827 465 2888 pueros
489 2827 553 2868 non
576 2828 772 2890 corrumpes,
796 2827 860 2869 non
882 2803 1057 2883 furaberis,
1087 2826 1150 2866 non
1173 2805 1282 2867 incan-

110 2910 206 2990 tabis,
230 2932 386 2975 venenum
408 2933 472 2975 non
488 2911 643 2990 miscebis,
666 2933 731 2975 non
747 2909 916 2975 interficies
932 2908 1054 2972 foetum
1068 2908 1101 2971 in
1117 2906 1283 2974 abortione

111 3036 214 3099 neque
236 3013 398 3079 interimes
430 3000 583 3080 infantem
608 3017 735 3093 natum,
769 3037 832 3077 non
865 3012 1063 3096 concupisces
1096 3034 1176 3096 quac
1207 3018 1282 3078 sunt
1298 3035 1323 3073 ac

112 3119 251 3206 proximi
266 3120 324 3183 tui.
371 3121 401 3184 2.
424 3118 499 3185 Non
515 3120 701 3205 periurabis,
721 3142 785 3184 non
808 3119 923 3183 falsum
948 3117 1164 3182 testimonium
1182 3118 1281 3201 dabis,

112 3249 177 3291 non
200 3225 371 3306 malidices,
395 3226 529 3292 iniuriae
552 3230 697 3310 acceptae
720 3248 784 3290 non
801 3222 1031 3300 recordaberis3
1056 3245 1120 3287 non
1144 3223 1204 3288 eris
1225 3224 1283 3288 du-

83 3336 85 3339 ’
114 3331 205 3416 plicis
228 3330 404 3396 sententiae
427 3353 483 3396 nec
505 3330 678 3416 bilinguis;
706 3330 837 3414 laqueus
860 3329 944 3394 enim
967 3328 1079 3392 mortis
1103 3333 1150 3393 est
1172 3328 1284 3415 lingua

111 3437 236 3522 duplex.
282 3435 394 3520 Neque
417 3459 519 3500 sermo
542 3440 615 3500 tuus
638 3436 699 3500 erit
721 3436 824 3500 inanis
848 3457 948 3518 neque
963 3434 1107 3497 mendax.
1155 3436 1183 3500 3.
1208 3433 1283 3499 Non

110 3544 172 3608 eris
196 3565 310 3608 avarus
333 3564 434 3626 neque
456 3565 554 3625 rapax
575 3564 677 3626 neque
691 3540 858 3626 hypocrita
880 3562 982 3624 neque
997 3539 1158 3624 malignus
1182 3562 1283 3624 neque
1297 3561 1321 3596 σο

110 3769 216 3839 partim
235 3769 291 3839 (καὶ
304 3767 475 3836 δοξάσεις-
494 3765 633 3836 θανάτου)
651 3783 684 3821 ex
711 3765 745 3823 σὺ
762 3774 865 3835 μισεῖς,
888 3759 963 3840 ἄλλῳ
986 3768 1025 3835 μή
1047 3767 1162 3835 ποιήσῃς
1180 3763 1230 3817 OS
1248 3764 1282 3819 cf.

111 3856 234 3927 epistula
253 3855 401 3909 Barnabae
421 3855 461 3919 19,
482 3854 498 3906 2
517 3853 685 3924 deprompta
711 3853 777 3909 Tob.
795 3854 820 3916 4,
841 3853 881 3907 16.

109 3946 182 3998 sunt.
746 3941 792 4004 VI,
813 3943 836 3996 1.
857 3950 935 4008 18sq.
954 3938 987 3996 οὐ
1003 3943 1283 4014 παιδοφθορήσεις-

145 4031 179 4085 V.
200 4039 240 4086 lt.
258 4025 293 4088 dv
305 4047 327 4084 c.
340 4031 368 4083 M
387 4031 420 4084 cf.
434 4031 457 4084 D
471 4048 477 4082 :
490 4047 536 4085 om
549 4027 604 4081 VO
621 4030 624 4098 l
641 4049 684 4102 γε·
709 4029 857 4102 μαγεύσεις
875 4045 896 4082 c.
908 4028 935 4081 M
953 4027 1104 4098 (μαντεύσῃ
1122 4046 1172 4097 pro
1181 4028 1282 4101 μαγεύ-

109 4117 208 4176 crosa
227 4134 248 4173 c.
267 4117 324 4171 VO
338 4137 343 4169 :
358 4120 486 4189 γίνεσθαι
504 4117 533 4169 Μ
546 4115 569 4168 D
591 4118 595 4185 1
616 4116 684 4188 μηδὲ
711 4119 777 4184 σεις)
804 4116 859 4171 coll
882 4114 904 4168 Ο
915 4116 938 4169 D
948 4116 972 4168 A
986 4131 992 4170 :
1007 4133 1051 4169 om
1071 4116 1095 4166 V
1111 4113 1115 4185 Ι
1133 4125 1163 4168 20
1178 4138 1213 4184 sq.
1233 4114 1284 4173 οὐκ

109 4206 143 4263 σὺ
161 4223 182 4260 c.
202 4204 224 4258 O
235 4204 263 4256 M
275 4223 281 4256 ε
295 4204 329 4261 σὺ
345 4204 413 4276 μηδὲ
434 4205 456 4255 V
473 4205 477 4272 Ι
499 4212 539 4258 17.
561 4208 683 4275 ποιήσεις
710 4202 890 4275 ἐπιθυμήσεις
902 4234 931 4242 -
942 4200 1113 4277 ἐπιορκήσεις
1125 4204 1162 4272 (v.
1172 4202 1199 4272 2)
1219 4220 1240 4256 c.
1255 4203 1282 4255 M

109 4311 131 4347 c.
152 4293 176 4347 V
187 4292 209 4346 Ο
223 4311 230 4346 :
242 4296 358 4363 ποιήσῃς
376 4293 411 4355 Μ,
431 4290 485 4345 add
505 4289 649 4348 τουτέστιν
666 4289 682 4347 ὃ
710 4289 732 4344 0
743 4292 767 4344 Α
778 4292 798 4344 C
808 4291 826 4345 S
840 4311 845 4344 :
860 4309 904 4347 cm
924 4289 949 4343 V
