2918 4890
416 246 605 302 DUODEGIM
622 246 888 305 APOSTOLORUM
906 252 952 318 XI,
972 254 1067 309 lull.
1282 259 1323 324 37

152 404 340 485 discernite3
365 427 454 472 omae
477 407 562 472 enim
579 414 739 489 peccatum
761 411 940 493 remittetur,
964 413 1025 479 hoc
1042 419 1148 481 autem
1162 421 1327 500 peccatum

154 512 410 576 concomitatur.
456 514 486 577 8.
510 511 584 577 Nou
600 514 712 593 omnis,
737 515 792 600 qui
807 516 949 601 loquitur
971 518 1006 582 in
1021 519 1147 603 spiritu,
1170 521 1328 604 propheta

153 617 210 692 est,
234 615 288 678 sed
311 617 339 679 si
360 615 458 681 habet
481 639 584 682 mores
607 617 753 697 Domini3
777 641 816 684 ex
838 621 980 686 moribus
1002 623 1104 708 igitur
1119 630 1327 711 cognoscetur

151 719 427 805 pseudopropheta
451 726 482 786 et
504 722 669 807 propheta.
716 726 745 788 9.
770 725 814 789 Et
836 726 942 791 nullus
969 729 1125 814 propheta
1156 730 1324 795 decernens

151 846 292 890 mensam
302 826 337 890 in
349 828 465 912 spiritu
478 829 549 893 edet
569 830 609 893 ab
625 852 671 909 ea,
695 831 756 894 nisi
771 832 1047 917 pseudopropheta
1062 837 1119 898 est.
1146 834 1195 898 10.
1214 833 1324 900 Omnis
1340 869 1353 906 e

150 934 256 995 autem
273 933 430 1016 propheta
447 934 560 998 docens
577 937 754 1016 veritatem,
770 937 797 1000 si
813 960 893 1021 quae
909 939 999 1004 docet
1014 939 1174 1020 nonfacit‚
1190 941 1325 1024 pseudo·

148 1036 307 1120 propheta
330 1042 386 1103 est.
435 1039 484 1103 ll.
516 1037 626 1105 Omnis
656 1063 731 1106 vero
763 1043 919 1128 propheta
949 1045 1101 1129 probatus
1129 1068 1239 1126 verus,
1269 1046 1324 1131 qui

148 1225 206 1291 nia,
235 1194 273 1281 an
291 1228 386 1282 textus
404 1229 544 1298 genuinus
563 1229 608 1286 sit.
645 1230 779 1340 Non-pet
802 1233 998 1299 discalceatus;
1024 1237 1053 1289 et
1076 1234 1149 1288 dixit
1173 1235 1320 1291 Dominus:

148 1313 219 1367 nulli
247 1315 338 1370 locum
367 1316 515 1371 emendare
544 1318 720 1373 studuerunt.
736 1320 826 1391 ,Sicut
840 1320 999 1375 ambulavit
1017 1338 1112 1376 servus
1130 1322 1323 1377 mensiesaias

148 1403 226 1458 Zahn
245 1403 481 1473 praepositionem
500 1405 618 1474 algente
631 1403 723 1477 ἐκκλη-
750 1407 841 1460 nudus
871 1409 1110 1464 et'discalceatus
1140 1412 1199 1465 tres
1226 1427 1322 1474 annos,

148 1496 207 1559 σίας
226 1492 328 1562 posuit,
347 1491 599 1548 itautsensussit:
618 1493 722 1548 faciens
749 1498 806 1549 tres
831 1495 898 1549 anni
921 1500 1003 1551 erunt
1029 1496 1111 1567 signa
1137 1499 1166 1552 et
1190 1497 1322 1566 portenta

148 1579 313 1648 mysterium
323 1579 464 1634 saeculare
478 1581 522 1634 vel
536 1583 679 1636 terrenum
691 1581 720 1633 in
735 1635 737 1672 y
752 1583 897 1653 Aegyptiis
922 1586 951 1637 et
969 1583 1165 1654 Aethiopibus,
1188 1584 1321 1653 quoniam

147 1667 274 1722 ecclesiis.
312 1667 472 1737 Hilgenfeld
494 1668 662 1737 (Zeitschrcft
669 1669 722 1737 fiir
749 1671 787 1724 sic
805 1670 887 1726 ducet
905 1689 952 1725 rex
972 1671 1148 1739 Assyriorum
1170 1671 1321 1741 captivita-

145 1756 212 1810 wiss.
237 1755 326 1810 riuos.
348 1756 413 1811 1885
432 1774 459 1826 p.
478 1758 524 1822 93;
549 1757 580 1811 in
598 1755 721 1812 editione
748 1761 806 1815 tem
826 1760 949 1829 Aegypti
968 1763 997 1814 et
1015 1759 1188 1829 Aethiopiae,
1207 1760 1320 1816 iuvenes

146 1842 295 1899 Doctrinae
319 1861 370 1912 pro
394 1850 483 1899 ποιῶν
505 1843 617 1914 insuper
641 1851 721 1914 μυῶν
748 1849 776 1900 et
795 1863 885 1908 senes,
911 1847 999 1901 nudos
1018 1848 1048 1901 st
1065 1847 1249 1903 discalceatos
1267 1849 1320 1902 etc.

144 1931 248 2001 posuit)
263 1948 314 2001 pro
325 1933 461 2001 κοσμικόν
473 1932 569 2001 legens
577 1939 720 2001 κσσμικῶν
747 1933 875 1990 Contulit
886 1936 1034 2004 praeterea
1046 1933 1142 1988 Ierem.
1159 1937 1204 1998 19;
1225 1935 1319 1989 Ezech.

145 2017 368 2088 interpretatur:
382 2019 621 2088 omnispropheta
634 2037 719 2074 verax
746 2024 775 2084 43
796 2024 824 2085 5;
846 2023 888 2086 l2;
903 2021 950 2084 243
963 2022 1013 2086 37;
1031 2021 1073 2074 ΙΙΙ
1085 2020 1152 2092 Reg.
1167 2024 1213 2086 11;
1225 2023 1259 2076 29
1266 2040 1319 2092 sq.;

144 2105 294 2176 probatus,
319 2105 367 2174 qui
389 2123 438 2176 per
461 2107 626 2175 mysterium
650 2107 719 2164 facit
748 2111 808 2164 Act.
827 2110 871 2176 21,
886 2109 996 2164 10--11,
1027 2109 1160 2165 Harnack
1171 2111 1320 2182 respiciens

140 2193 274 2248 ‘ecclesias
292 2194 469 2250 cosmicorum
494 2194 538 2249 vel
559 2194 717 2265 gentilium,
746 2197 816 2268 Eph.
836 2202 860 2263 5,
873 2198 915 2263 32,
935 2197 982 2251 ubi
1000 2198 1104 2252 Paulus
1122 2198 1156 2254 de
1174 2201 1319 2257 matrimo-

144 2299 233 2351 neque
256 2299 377 2338 veroeos
390 2282 567 2353 disciplinam
580 2280 717 2352 paracleti
745 2287 791 2342 nio
810 2287 889 2342 dicit:
915 2289 948 2344 τὸ
970 2291 1123 2361 μυστήριον
1145 2297 1230 2346 τοῦτο
1246 2288 1320 2363 μέγα

143 2389 268 2426 severam
288 2371 375 2426 docet.
408 2371 537 2426 Petersen
555 2389 605 2441 pro
619 2390 715 2442 κσσμι-
743 2372 831 2431 ἐστίν·
854 2372 910 2446 ἐγὼ
927 2373 1000 2446 λέγω
1018 2373 1057 2442 εἰς
1075 2376 1199 2448 Χριστὸν
1216 2379 1263 2432 καὶ
1280 2375 1319 2444 εἰς

141 2460 192 2515 κόν
202 2459 302 2514 conicit
312 2461 430 2530 κόσμιον
440 2462 469 2515 et
483 2458 646 2528 mysterium
657 2475 715 2513 cas·
746 2467 795 2534 τὴν
807 2459 959 2533 ἐκκλησίαν,
978 2465 1063 2531 atque
1075 2465 1217 2532 reputans,
1236 2463 1318 2517 eccle·

142 2549 202 2600 tum
221 2547 422 2617 prophetarum
435 2547 652 2602 christianorum
668 2564 715 2616 op·
744 2548 816 2603 siam
835 2548 1004 2604 aveteribus
1014 2566 1069 2604 non
1079 2549 1317 2618 solumsponsam,

142 2634 222 2704 ponit
240 2635 380 2703 mysteriis
390 2635 541 2690 immundis
554 2635 713 2704 gentilium.
745 2635 792 2690 sed
816 2634 903 2691 etiam
921 2652 1033 2690 carnem
1057 2637 1086 2690 et
1108 2638 1236 2691 sanctam
1259 2653 1317 2691 car·

141 2723 269 2794 Plerique
295 2726 403 2779 textum
422 2723 522 2780 codicis
548 2741 604 2779 non
622 2726 714 2777 muta·
745 2741 808 2778 nem
822 2722 925 2778 Christi
935 2723 1075 2792 appellari
1091 2724 1121 2779 et
1132 2723 1197 2779 inde
1211 2724 1316 2794 colligi,

142 2815 250 2876 verunt,
269 2813 355 2867 verba
366 2820 455 2870 ποιῶν
463 2843 498 2853 -
508 2810 651 2885 ἐκκλησίας
666 2829 715 2866 au·
745 2811 870 2866 membro
882 2807 1013 2865 ecclesiae
1030 2811 1108 2864 velut
1120 2811 1245 2869 membro
1257 2829 1316 2867 car·

142 2902 199 2955 tem
218 2901 269 2954 alii
281 2901 366 2956 aliter
378 2892 577 2970 explicuerunt.
609 2900 715 2970 Bryon·
744 2898 788 2953 nis
799 2897 902 2953 Christi
911 2897 1123 2953 matrimonium
1133 2898 1317 2956 devitandum

140 2988 209 3054 nius,
229 2988 320 3044 locum
334 2989 480 3044 obscurum
493 2989 713 3053 essealfirmans,
743 2985 860 3058 esse(?),
886 2983 1017 3054 quoniam
1043 3001 1106 3038 cum
1126 2984 1234 3043 Christo
1252 3006 1316 3044 con·

141 3075 213 3130 hanc
231 3075 493 3145 interpretationem
517 3078 596 3131 velut
613 3077 713 3147 proba·
742 3075 869 3129 iunctum
893 3073 929 3126 sit
952 3071 998 3141 (cf.
1017 3072 1045 3125 ll
1063 3072 1149 3128 Clam.
1173 3072 1316 3140 14‚1-4.

139 3163 267 3219 biliorem
280 3164 405 3219 exhibet:
418 3165 508 3221 omnis
521 3165 658 3235 propheta
668 3182 712 3220 ve·
743 3163 803 3232 Ign.
828 3161 921 3231 Polyc.
941 3164 969 3222 5,
988 3161 1013 3215 2.
1040 3160 1116 3214 Tert.
1143 3162 1183 3216 De
1205 3181 1315 3236 monog.
1396 3170 1401 3181 '

138 3269 195 3315 rax,
208 3269 383 3322 congregans
393 3252 535 3322 populum,
546 3254 578 3306 ut
588 3252 612 3308 ei
622 3255 712 3308 osten·
743 3270 763 3307 c.
781 3251 830 3321 ll),
848 3251 1068 3320 interpretatur:
1088 3267 1174 3320 agens
1190 3255 1316 3322 respectu

140 3339 271 3410 datopus
285 3340 478 3409 symbolicum,
491 3340 564 3409 quod
577 3340 635 3410 ipse
648 3358 711 3411 ope·
742 3338 868 3408 mysterii
896 3338 1002 3392 terreni
1033 3338 1175 3407 ecclesiae,
1210 3339 1315 3395 scilicet

138 3429 218 3482 ratur
236 3427 272 3481 ad
292 3426 510 3483 consolationem
532 3429 561 3480 et
581 3427 711 3484 exhorta·
742 3426 922 3483 matrimonio
951 3426 1102 3482 abstinens.
1143 3428 1315 3499 Interpreta-

138 3516 244 3572 tionem
262 3514 400 3578 fidelium,
424 3532 475 3569 nec
493 3531 558 3570 vero
576 3515 710 3585 populum
742 3515 999 3578 tioniveroobstat,
1012 3514 1086 3584 quod
1097 3517 1194 3570 auctor
1206 3516 1314 3571 faunus

139 3605 230 3658 facere
242 3603 329 3668 docet,
344 3601 479 3673 quidquid
492 3603 551 3673 ipse
563 3603 640 3670 facit,
656 3621 712 3659 non
741 3606 896 3676 prophetae
908 3601 1034 3656 defendit
1054 3602 1097 3655 vel
1111 3603 1232 3668 excusat,
1251 3620 1313 3657 cnm

136 3690 434 3756 indicabit11r300den1
455 3691 529 3746 enim
549 3691 630 3748 modo
649 3708 711 3761 ege·
742 3692 891 3762 virginitas
916 3691 991 3762 apud
1010 3689 1182 3745 Christianos
1208 3693 1313 3746 veteres

136 3783 203 3835 runt
222 3779 308 3834 etiam
324 3781 430 3834 veteres
439 3780 601 3850 prophetae,
622 3796 711 3834 exem·
739 3798 789 3836 nec
806 3779 981 3835 defendenda
994 3796 1044 3833 nec
1055 3777 1213 3833 excusanda
1231 3782 1310 3836 esset.

136 3869 177 3937 pli
195 3885 281 3922 causa
299 3869 409 3932 lessies,
429 3868 472 3922 cui
491 3868 626 3924 Dominus
640 3870 711 3924 locu·
740 3869 890 3925 Hitchcock
901 3872 929 3922 et
941 3868 1047 3932 Brown,
1061 3866 1239 3936 respicientes
1247 3865 1311 3921 Luc.

137 3961 182 4014 tus
207 3961 250 4014 est
275 3959 369 4014 dicens
394 3958 451 4028 (20,
471 3960 564 4027 2-4J:
585 3957 665 4013 Vade
682 3961 711 4012 et
738 3959 780 4022 22,
801 3960 833 4011 19
852 3960 881 4011 et
898 3957 912 4010 I
931 3957 990 4011 Cor.
1012 3958 1053 4021 11,
1074 3955 1187 4020 24-25,
1206 3955 1255 4010 ubi
1274 3956 1313 4012 lo-

135 4047 212 4103 solve
230 4064 339 4102 saccum
357 4047 392 4102 de
410 4046 513 4101 lumbis
529 4048 594 4110 tais,
612 4050 641 4102 et
654 4047 710 4101 cal·
737 4047 812 4103 cutio
831 4055 921 4104 ποιεῖν
932 4044 972 4112 εἰς
983 4044 1125 4100 invenitur
1144 4045 1239 4112 (τοῦτο
1251 4064 1311 4101 ποι-

135 4137 282 4191 ceamenta
301 4138 351 4190 tua
369 4136 438 4191 tolle
456 4135 491 4189 de
508 4133 626 4204 pedibus
644 4133 709 4199 tuis,
737 4144 792 4193 εἴτε
815 4134 855 4202 εἰς
872 4140 921 4207 τὴν
939 4132 1007 4205 ἐμὴν
1024 4131 1199 4204 ἀνάμνησιν),
1224 4133 1310 4188 inter·

135 4224 222 4278 etiae
240 4223 423 4294 (lecitVulg.)
438 4223 482 4288 sic,
497 4223 602 4278 vadens
618 4224 708 4278 nudus
736 4226 899 4295 pretantur:
924 4239 1009 4291 agens
1037 4225 1164 4292 respectu
1183 4222 1310 4291 mysterii
