2918 4890
138 344 216 414 XVI
578 340 859 401 cnonasouaus.

138 505 197 586 Vl,
213 507 254 569 23
270 506 391 585 scribit,
414 509 452 568 ut
473 526 535 569 non
559 505 657 569 facias
680 505 784 585 alteri,
808 505 962 588 quidquid
985 506 1052 588 ipse
1071 506 1111 569 ab
1127 505 1229 570 altero
1245 506 1319 588 pati

139 612 230 676 nolis.
276 612 363 695 Epit.
387 633 412 675 c.
431 611 470 672 61
495 611 630 694 denique
649 611 687 675 de
710 610 875 675 affectibus
899 614 1040 674 tractans
1055 611 1174 690 scribit,
1199 632 1237 673 ex
1256 610 1318 690 ira,

140 717 202 780 nisi
223 716 309 780 intra
330 716 484 779 terminos
506 737 686 798 compressa
709 715 815 793 fuerit,
837 715 946 779 caedes
962 719 994 778 11
1008 716 1103 795 bella,
1127 738 1166 780 ex
1181 716 1318 779 libidine

140 821 272 884 illicitos
295 842 432 899 amores,
466 820 623 885 adulteria
652 824 684 885 et
713 824 825 904 stupra
852 821 946 899 oriri,
977 842 1057 903 quae
1080 820 1176 884 verba
1199 820 1319 884 similia

143 928 219 988 sunt
241 910 414 988 Doctrinae
441 927 472 1003 3,
496 926 592 990 2-3.
637 923 820 989 Sententiae
850 947 926 989 sane
952 926 1048 988 etiam
1078 925 1112 987 in
1135 923 1319 988 (lenonibus

145 1030 364 1094 ecclesiasticis
386 1031 602 1097 inveniuntur.
649 1030 744 1094 Haud
766 1031 860 1094 dubie
875 1037 981 1095 autem
997 1028 1183 1093 Lactantius
1200 1052 1237 1094 ea
1252 1051 1319 1093 non

142 1159 181 1200 ex
203 1135 264 1200 hoc
286 1136 369 1200 libro
391 1136 502 1220 paullo
525 1142 599 1201 ante
620 1136 762 1200 confecto
792 1140 824 1199 et
856 1136 961 1200 minus
983 1138 1077 1213 noto,
1107 1133 1161 1196 sed
1191 1156 1229 1199 ex
1260 1134 1320 1198 illo

142 1240 321 1324 antiquiore
343 1245 375 1305 et
400 1241 580 1326 vulgatiore
602 1241 720 1305 hausit.

230 1345 345 1409 Postea
366 1346 483 1409 notitia
505 1346 676 1411 Doctrinae
703 1346 865 1409 invenitur
891 1346 925 1408 in
949 1345 1114 1428 scripturis
1144 1343 1320 1425 nonnullis,

91 1520 94 1525 .
144 1472 225 1534 quae
241 1451 300 1514 sub
315 1449 443 1513 nomine
459 1449 691 1514 Athanasii
708 1449 748 1512 ad
763 1471 820 1513 nos
836 1453 1058 1532 pervenerunt.
1097 1447 1219 1512 Auctor
1234 1452 1321 1512 trac-

144 1558 231 1617 tatus
253 1553 302 1618 De
324 1552 512 1637 virginitate
542 1554 608 1617 sive
631 1554 669 1616 de
691 1554 789 1617 ascesi
811 1575 837 1616 c.
864 1554 903 1618 13
928 1553 1068 1637 (Migno,
1092 1551 1126 1615 P.
1152 1552 1253 1616 (11.1.
1277 1554 1320 1616 28

144 1681 174 1741 p.
207 1657 284 1740 266)
315 1656 503 1720 Doctriuam
530 1658 567 1737 9,
599 1658 685 1720 3-4
715 1658 891 1741 exscripsit.
946 1657 1069 1722 Auctor
1099 1656 1321 1741 Syntagmatis

145 1762 308 1827 doctrinae
330 1762 369 1825 ad
393 1763 564 1827 monachos
588 1785 758 1848 omnesque
774 1763 973 1828 Christianos
996 1767 1063 1825 tam
1079 1761 1208 1826 clericos
1224 1784 1321 1845 quam

146 1866 244 1930 laicos
275 1866 381 1950 plures
404 1866 577 1932 Doctrinae
607 1869 781 1933 sententias
803 1868 1006 1952 transcripsit
1029 1867 1169 1952 (Migne,
1205 1867 1240 1930 P.
1265 1866 1320 1932 (11.

148 1976 172 2035 t.
189 1971 230 2033 28
254 1994 285 2054 p.
303 1972 404 2035 833—
411 1969 467 2056 46)
483 1973 518 2056 ¹).
564 1972 668 2037 Multo
692 1977 797 2038 autem
813 1973 944 2040 liberius
960 1973 1027 2056 egit
1043 1995 1138 2055 quam
1154 1970 1321 2035 Barnabas

150 2077 200 2140 vel
223 2080 365 2140 auctores
390 2075 554 2140 (lenonum
577 2078 859 2142 ecclesiasticorum
882 2083 913 2143 et
935 2078 1012 2141 libri
1027 2075 1091 2141 VH
1111 2075 1322 2139 Constitutio-

150 2203 226 2243 num
249 2180 475 2264 apostolorum.
523 2181 626 2257 Quare
648 2183 837 2264 scripturam
861 2204 925 2245 non
948 2181 1148 2259 verbotenus
1173 2179 1228 2243 sed
1255 2180 1322 2243 eius

149 2306 307 2349 summam
338 2289 464 2349 tantum
492 2291 616 2370 repeto,
647 2286 734 2350 locos
764 2309 781 2350 1
808 2286 961 2350 Doctrina
992 2287 1174 2368 desumptos
1206 2306 1321 2369 graece

150 2390 396 2455 communicans

240 2492 284 2558 Ut
307 2516 345 2558 111
367 2494 464 2558 titulo
488 2496 618 2576 apparet
644 2496 676 2556 et
699 2494 856 2576 scriptura
878 2515 1003 2577 quoque
1024 2493 1155 2556 ineunte
1177 2491 1322 2555 animad-

152 2598 296 2678 vertitur,
320 2602 430 2663 auctor
452 2598 551 2661 vitam
575 2597 750 2661 describere
766 2598 845 2678 vult,
870 2621 964 2680 quam
983 2598 1131 2662 ecclesiae
1146 2597 1324 2661 catholicae

151 2701 233 2765 filios
263 2706 296 2765 et
326 2703 525 2785 potissimum
561 2701 766 2766 anachoretas
797 2701 847 2765 vel
875 2702 1046 2766 monachos
1069 2723 1162 2787 agere
1185 2705 1324 2784 oportet.

153 2805 266 2890 Itaque
288 2811 458 2891 postquam
481 2806 577 2884 dixit,
602 2806 787 2890 gratianos
810 2806 915 2870 salros
938 2829 1023 2885 1111,
1054 2808 1193 2891 gratiam
1216 2810 1327 2870 autem

153 2911 237 2991 filios
253 2934 326 2976 suos
343 2912 427 2976 filios
443 2933 510 2975 esse
526 2915 557 2974 et
573 2911 747 2995 sapientiae
770 2915 802 2975 ct
818 2911 920 2975 omnis
936 2912 1012 2975 boni
1028 2912 1130 2996 operis
1146 2914 1326 2995 peroptare,

153 3018 262 3102 pergit
284 3017 441 3082 scribens:
466 3014 582 3098 Κύριον
605 3018 657 3078 τὸν
680 3016 833 3079 batroso
856 3015 1030 3100 ἀγαπήσεις
1053 3015 1086 3093 ἐξ
1102 3015 1177 3101 ὅλης
1193 3014 1328 3097 καρδίας

154 3141 210 3182 σου
243 3123 298 3184 καὶ
321 3120 354 3198 ἐξ
378 3121 453 3206 ὅλης
477 3120 580 3206 ψυχῆς
604 3142 677 3203 σου,
707 3123 761 3184 καὶ
793 3124 846 3184 τὸν
868 3120 998 3205 πλησίον
1022 3143 1078 3185 σου
1111 3121 1153 3196 ὡς
1184 3119 1353 3184 σεαυτὸν»

155 3222 201 3287 Οὐ
226 3225 400 3306 φονεύσεις,
436 3228 472 3289 ού
497 3226 685 3314 μοιχεύσεις,
709 3228 745 3289 οὐ
769 3226 963 3309 πορνεύσεις,
991 3227 1026 3287 οὐ
1050 3223 1328 3308 παιδοφθορήσεις,

156 3329 192 3389 οὐ
216 3329 456 3410 φαρμακεύσεις,
483 3333 519 3393 οὐ
543 3330 793 3415 διχοστατήσεις·
825 3332 947 3414 ἀπέχου
971 3340 1099 3392 πνικτοῦ
1123 3331 1177 3412 καὶ
1199 3328 1328 3391 εἰδωλο-

155 3431 253 3494 burco
276 3433 331 3494 aut
354 3434 483 3515 αἵματος
508 3436 559 3512 (Ι).
585 3436 614 3515 1,
631 3438 670 3512 2;
695 3438 725 3513 2,
743 3435 785 3520 2).
832 3436 919 3511 Quae
934 3438 1060 3518 peccata
1077 3434 1154 3497 dicit
1169 3455 1235 3498 esse
1251 3454 1328 3497 con-

155 3537 281 3619 spicua3
306 3535 370 3600 1111
392 3538 515 3601 minora
538 3539 656 3618 rideri,
689 3539 843 3602 monacho
870 3562 943 3603 vero
966 3536 1174 3601 nihilominus
1197 3538 1330 3602 vitanda

156 3651 222 3658 1.-
226 3653 364 3658 .---.—.—.-

229 3691 253 3761 1)
278 3690 321 3744 Ad
344 3691 448 3745 librum
473 3691 507 3746 de
530 3691 697 3760 virginitate
721 3693 827 3761 primus
853 3694 997 3748 Swainson
1024 3692 1070 3758 (cf.
1100 3691 1195 3745 Schaff
1216 3710 1243 3761 p.
1268 3692 1332 3759 194)

156 3778 280 3833 animum
300 3779 438 3846 advertit,
466 3779 502 3834 ad
521 3778 680 3848 syntagma
704 3779 847 3835 doctrinae
866 3780 964 3834 Harris
989 3781 1018 3833 in
1042 3781 1168 3834 tractatu
1189 3778 1244 3831 rue
1266 3779 1332 3831 Ται-

157 3866 234 3937 111119
252 3866 285 3936 of
300 3867 342 3921 tbe
360 3867 484 3935 Apostles
506 3866 562 3920 aad
579 3866 621 3920 tbe
639 3865 770 3936 Sibpltiae
788 3867 879 3921 Boolcs
901 3868 965 3920 1885
986 3886 1012 3936 p.
1033 3869 1073 3920 15.
1112 3866 1190 3919 Hanc
1209 3865 1332 3933 scriptu-

156 3970 216 4006 ram
230 3953 387 4023 nuperrimc
400 3953 552 4018 Revillout,
571 3953 688 4008 Journal
698 3954 839 4022 Asiaticae
856 3955 969 4008 7111ιί1
987 3956 1007 4008 1.
1021 3951 1047 4006 V
1066 3953 1155 4021 (1875)
1174 3971 1200 4021 p.
1216 3952 1265 4005 511
1280 3969 1329 4019 sq,

156 4040 236 4093 illam
256 4040 403 4103 Eichhorn,
423 4040 574 4095 Athanasii
593 4041 703 4096 devita
723 4044 806 4096 ascet.
821 4041 984 4096 testimonia
1005 4043 1071 4095 1886
1089 4059 1116 4109 p.
1132 4040 1162 4092 15
1173 4057 1213 4107 sq.
1235 4040 1266 4092 17
1280 4056 1329 4106 sq„

157 4128 314 4181 rationibus
343 4144 407 4183 vero
434 4145 490 4183 non
517 4128 733 4192 sufficientibus,
761 4129 918 4183 Athanasio
947 4128 1156 4182 adiudicabant.
1199 4123 1330 4179 Editores

157 4213 330 4269 Benedictini
354 4215 437 4269 illam
462 4216 630 4285 scripturam
654 4215 729 4269 inter
755 4232 840 4284 opera
858 4215 1007 4270 Athanasii
1032 4213 1136 4276 dubia,
1161 4213 1235 4266 hanc
1253 4211 1328 4265 inter

158 4301 253 4370 spuria
272 4302 459 4359 recensebant.
497 4303 537 4357 uf.
559 4302 647 4356 Tbeol.
666 4301 877 4372 Quurtutscbrcjt
896 4301 962 4356 1887
981 4319 1007 4371 p.
1021 4301 1167 4356 361-364.
