2918 4890
332 287 518 345 Docralss
537 287 721 342 DUODEGIM
742 287 1013 343 APOSTOLORUM.
1119 291 1262 358 XXXIII

82 451 299 536 Evangelium
322 471 487 534 cognitum
510 448 538 511 ei
560 446 709 510 habuisse
732 446 907 526 videbatur,
932 449 1077 532 quodque
1099 451 1261 514 de-docto-

82 580 158 621 rum
190 560 221 621 et
251 555 477 639 prophetarum
511 573 640 615 munere
672 553 922 616 extraordinario
954 554 1039 637 agit,
1075 554 1159 637 quod
1189 558 1261 636 post

84 661 295 746 apostolicam
311 663 447 723 aetatem
470 657 599 720 omnino
616 656 831 738 disparuisset,
854 657 1042 722 Doctrinam
1064 658 1173 741 paullo
1188 663 1261 741 post
1323 724 1325 728 ,

86 767 248 832 saeculum
269 765 285 830 I
315 765 453 829 medium
481 767 624 827 exortam
647 785 713 826 esse
735 763 898 827 conclusit.
947 764 1048 841 Quam
1072 764 1261 827 sententiam

86 872 248 936 Miinchen
261 870 284 952 ¹)
309 893 344 934 eo
368 869 549 933 confirmari
571 868 703 946 censuit,
727 869 811 951 quod
833 890 941 933 omnes
964 868 1034 947 loci,
1058 869 1112 951 qui
1128 869 1162 931 in
1177 867 1261 931 Doc-

86 977 174 1040 trina
197 980 350 1059 tauquam
378 974 462 1037 dicta
485 972 654 1056 Evangelii
684 972 732 1036 vel
755 972 884 1036 Domini
915 973 1107 1052 afferuntur,
1137 977 1263 1055 praeter

87 1080 235 1145 laudatos
258 1081 288 1157 0,
313 1080 350 1154 5;
377 1078 427 1155 14,
452 1079 472 1141 3
496 1075 646 1162 (Malach.
673 1074 840 1160 1,11.14)
864 1080 896 1141 et
920 1077 1007 1155 15,7
1031 1076 1139 1151 (Zach.
1156 1078 1206 1158 14,
1217 1079 1262 1162 5),

89 1190 127 1249 ut
148 1188 251 1269 putat,
275 1185 309 1246 in
332 1183 507 1266 Evangelio
527 1180 683 1245 Matthaei
706 1180 867 1264 leguntur,
892 1185 923 1245 et
945 1184 1135 1266 scripturam
1156 1182 1263 1265 potius

89 1294 164 1354 ante
194 1311 290 1373 quam
321 1293 394 1372 post
417 1310 532 1351 annum
560 1287 600 1350 70
629 1286 804 1350 confectam
827 1309 893 1351 esse
916 1287 1076 1352 iudicavit.
1123 1287 1182 1352 Sed
1205 1287 1263 1351 illo

88 1394 184 1458 modo
208 1400 317 1458 auctor
340 1393 436 1456 etiam
461 1392 656 1475 aliquamdiu
671 1397 840 1475 postquam
856 1392 1067 1476 Evangelium
1083 1392 1184 1457 Lucae
1199 1393 1264 1457 iam

90 1500 302 1583 compositum
318 1503 396 1576 erat,
421 1498 509 1581 loqui
524 1497 639 1580 potuit.
686 1496 807 1561 Deinde
827 1519 1027 1580 nequaquam
1050 1498 1156 1561 omnia
1180 1499 1264 1562 dicta

89 1603 240 1681 Domini,
271 1625 350 1686 quae
379 1603 413 1665 in
437 1602 590 1665 Doctrina
620 1601 820 1684 allegantur,
852 1602 886 1664 iu
909 1600 1085 1686 Evangelio
1108 1602 1264 1667 Matthaei

90 1709 314 1785 inveniuntur;
339 1729 413 1770 nam
429 1706 513 1770 dicta
528 1706 705 1770 Malachiae
728 1709 760 1770 et
775 1704 955 1785 Zachariae,
979 1729 1114 1790 quorum
1129 1707 1264 1771 alterum

92 1813 240 1877 distincte
252 1816 404 1895 tanquam
418 1813 550 1875 verbum
562 1811 692 1875 Domini
703 1811 873 1890 inducitur,
889 1812 923 1874 in
935 1812 995 1876 hoc
1006 1813 1193 1897 Evangelio,
1203 1812 1264 1875 nisi

91 1918 199 1997 fallor,
211 1940 275 1981 non
291 1921 486 2000 repetuntur.
522 1917 675 2001 Denique,
689 1916 721 1980 id
738 1918 821 2000 quod
838 1904 968 1980 maximi
984 1917 1136 1981 momenti
1152 1921 1209 1995 est,
1225 1939 1265 1981 ne

92 2023 196 2086 dicam
213 2025 343 2099 certum,
367 2021 480 2086 saltem
504 2023 769 2086 verisimillimum
792 2029 849 2102 est,
873 2026 1033 2086 auctorem
1053 2022 1266 2106 Evangelium

93 2126 195 2191 Lucae
210 2126 373 2210 cognitum
393 2125 549 2191 habuisse.
582 2127 630 2191 cf.
649 2127 754 2190 adnot.
772 2126 811 2189 ad
828 2127 932 2205 1,3.4
953 2131 985 2191 et
1000 2127 1084 2190 infra
1099 2130 1194 2210 caput
1208 2126 1265 2191 IX.

185 2230 358 2294 Bestmann
371 2228 398 2313 ²)
422 2232 616 2314 perspexisse
638 2231 699 2295 sibi
717 2230 802 2295 visus
818 2235 875 2306 est,
899 2230 1086 2295 Doctrinam
1109 2253 1175 2296 esse
1191 2252 1266 2314 pro-

95 2336 264 2401 fessionem
287 2335 375 2414 fidei,
401 2357 496 2418 quam
519 2334 750 2419 Hierosolymis
774 2334 884 2398 deletis
908 2334 1082 2399 Christiani
1105 2358 1121 2399 e
1143 2334 1266 2400 Iudaeis

94 2440 285 2505 Antiochiae
308 2437 497 2503 Christianis
520 2462 536 2502 e
559 2439 733 2523 gentilibus
749 2439 986 2523 proposuissent
1002 2439 1114 2522 cuique
1130 2438 1164 2502 hi
1180 2462 1207 2504 a.
1226 2440 1266 2503 79

96 2545 268 2631 epistulam
293 2543 458 2608 Barnabae
480 2546 709 2628 apposuissent.
756 2543 808 2609 Ad
826 2545 907 2609 idem
925 2545 990 2608 fere
1005 2549 1130 2628 tempus
1155 2546 1267 2627 (annos

95 2649 239 2734 70-76)
263 2649 451 2731 scripturam
476 2649 587 2712 retulit
609 2646 787 2730 Nirschl⁸),
812 2669 881 2711 eam
904 2648 990 2712 velut
1008 2648 1178 2712 editionem
1193 2659 1268 2713 auc·

93 2759 163 2819 tam
194 2753 294 2837 partis
325 2752 480 2836 epistulae
511 2754 664 2818 secundae
695 2754 745 2817 vel
775 2753 904 2816 moralis
921 2738 1093 2818 'Barnabae
1124 2753 1267 2836 apostolo

95 2858 284 2936 attribuens,
309 2878 402 2939 quem
426 2878 509 2919 anno
526 2856 567 2919 76
590 2861 751 2920 mortuum
774 2879 840 2921 esse
862 2861 964 2940 putat.
1009 2861 1055 2921 At
1077 2880 1144 2921 rem
1164 2858 1267 2941 magis

95 2956 338 3027 affirmaverunt
354 2977 449 3043 quam
467 2961 773 3025 demonstraverunt.
807 2961 961 3026 Doctrina
976 2966 1138 3045 praeterea
1153 2985 1172 3026 a
1187 2963 1268 3026 Bar·

99 3069 201 3132 nahae
224 3065 362 3149 epistula
385 3070 551 3151 tantopere
574 3067 740 3150 discrepat,
765 3072 801 3138 ut
817 3067 923 3144 ,eidem
947 3068 1068 3131 auctori
1091 3068 1158 3130 sine
1173 3089 1269 3151 argu-

96 3172 213 3237 mentis
236 3171 433 3256 gravissimis
456 3173 629 3237 adiudicari
652 3177 794 3256 nequeat.

185 3275 341 3360 Equidem
364 3275 481 3340 librum
504 3277 568 3341 iam
591 3278 673 3341 circa
689 3300 806 3342 annum
823 3278 865 3341 80
888 3277 1021 3341 fortasse
1042 3280 1187 3340 exortum
1204 3298 1270 3340 esse

96 3381 183 3445 haud
206 3402 298 3465 nege.
344 3378 496 3445 Attamen
519 3405 592 3446 eum
614 3382 756 3465 profecto
779 3382 840 3447 hoc
854 3387 995 3464 tempore
1017 3385 1181 3445 exaratum
1204 3403 1271 3445 esse

96 3506 163 3549 non
187 3485 285 3549 audeo
308 3486 419 3565 dicere,
443 3508 513 3550 cum
538 3487 676 3551 rationes
699 3488 834 3572 tempori
850 3493 917 3551 tam
933 3489 1078 3550 accurate
1094 3485 1271 3550 definiendo

96 3590 212 3654 desint.
250 3589 287 3654 ld
313 3590 417 3653 solum
436 3595 557 3655 certum
580 3614 646 3655 esse
661 3591 796 3670 videtur,
820 3592 937 3655 librum
954 3591 1120 3654 Barnabae
1135 3589 1272 3673 epistula

175 3800 200 3867 l)
218 3799 413 3868 zaccarias.
427 3799 498 3856 cata
515 3799 654 3869 Theoloqic
678 3801 744 3855 1886
763 3819 790 3869 p.
804 3800 933 3854 css-73.
971 3796 1107 3851 Similiter
1126 3794 1271 3866 MaJ'omhi,

97 3885 145 3941 La
163 3886 296 3942 Dottriac
320 3905 347 3956 p.
369 3887 483 3951 10-16,
511 3886 679 3955 scripturam
705 3885 838 3956 apostolis
863 3886 954 3940 adhuc
980 3883 1139 3939 viventibus
1163 3900 1272 3952 compo·

99 3973 185 4028 sitam
205 3990 263 4028 esse
281 3971 391 4028 conicit.

171 4061 198 4130 2)
217 4060 371 4115 Geactictte
389 4061 436 4114 der
455 4062 622 4116 christlichca
640 4061 709 4116 siue
726 4062 761 4126 ΙΙ,
782 4062 927 4117 136-153,

172 4149 200 4220 3)
219 4147 426 4203 Izittorarrschcr
449 4148 623 4203 Haadaoeaser
649 4149 716 4203 1884
740 4167 767 4218 p.
791 4151 850 4205 400.
892 4147 1034 4204 Lelrrbact
1058 4150 1104 4203 der
1121 4147 1275 4217 Potrolcpic

97 4238 149 4304 111,
168 4239 228 4292 643.

1049 4346 1066 4390 0
