2918 4890
474 329 730 386 mannanhun
750 329 925 388 LATINUM.
1204 334 1291 404 LXV

118 491 169 574 (cf.
195 493 302 556 adnot.
320 492 359 556 ad
378 491 406 570 1,
425 490 468 573 1),
492 494 525 554 et
547 491 574 554 si
595 491 655 554 hoc
677 492 724 555 ita
747 496 804 570 est,
828 492 920 556 alteri
944 498 1133 578 argumento
1155 495 1288 558 nimium

115 598 262 680 ponderis
277 619 342 662 non
358 601 406 661 est
424 596 672 690 attribuendum.
704 596 783 660 Cum
798 597 982 661 Lactantius
999 598 1085 681 Epit.
1102 620 1127 662 c.
1142 599 1183 661 64
1196 604 1290 684 0001-

117 705 188 766 1001
207 706 335 766 tantnm
350 705 479 786 peccata
502 702 670 786 impugnet
693 705 725 766 et
742 703 869 786 quidem
885 703 957 782 tria,
981 705 1110 788 quaein
1128 704 1288 789 Decalogo

117 829 239 891 quoque
263 811 499 886 enumerantur,
524 806 746 885 dubitaverim,
773 830 850 870 num
872 807 976 870 locum
999 809 1137 872 scribens
1161 808 1288 872 Doctri-

115 934 188 975 nam
211 913 430 996 apostolorum
453 912 487 974 in
506 915 611 1000 mente
627 911 785 990 habuerit,
810 915 841 975 et
861 933 899 974 ex
915 913 1057 977 versione
1072 913 1174 976 latina
1189 915 1288 997 ipsius

116 1016 269 1100 expositio
292 1039 329 1080 eo
352 1017 457 1080 minus
481 1015 651 1099 repetenda
674 1019 739 1094 est,
772 1037 843 1078 cum
870 1016 909 1079 ad
931 1021 1059 1099 peccata
1082 1018 1286 1102 designanda,

115 1144 189 1186 voce
210 1122 339 1186 adulori
362 1123 430 1186 sola
453 1125 593 1204 excepta,
618 1121 689 1185 aliis
712 1142 840 1204 prorsus
861 1121 965 1185 verbis
982 1125 1092 1185 utatur
1115 1145 1211 1206 quam
1226 1123 1287 1186 La-

114 1227 207 1292 tinus.
255 1224 311 1290 Sin
335 1230 441 1290 antem
457 1226 642 1291 Lactantius
665 1226 817 1291 versionis
841 1228 931 1290 testis
955 1250 1019 1290 non
1045 1232 1092 1292 est
1114 1228 1287 1308 habendus

114 1332 150 1396 de
171 1332 358 1416 quaestione
387 1355 484 1416 supra
505 1332 669 1417 proposita
699 1332 731 1395 id
762 1335 889 1396 tantum
921 1355 992 1396 cum
1014 1333 1203 1396 certitudine
1226 1332 1287 1396 dici

114 1441 226 1519 potest,
252 1437 427 1501 versionem
451 1440 524 1500 ante
547 1435 707 1500 saeculum
730 1434 776 1499 lX
801 1436 850 1500 vel
872 1434 903 1497 X
926 1436 1102 1500 confectam
1124 1459 1199 1515 esse,
1222 1460 1286 1520 quo

113 1545 253 1624 tempore
265 1541 361 1605 eodex
369 1540 560 1605 Mellicensis
570 1540 706 1624 scriptus
716 1544 772 1604 est.
797 1539 932 1605 Rufinus
943 1540 1285 1625 etPsendocypn'anuS,

113 1645 219 1710 101101
242 1647 353 1725 001011,
382 1645 437 1729 001
459 1645 646 1708 Doctrinam
670 1645 887 1728 apostolorum
911 1646 1073 1729 cognitam
1095 1646 1284 1726 habuerunt,

113 1754 150 1816 ad
174 1754 393 1837 quaestionem
415 1751 598 1816 solvendam
622 1750 704 1813 nihil
728 1750 905 1829 conferunt,
928 1773 1000 1814 cum
1015 1750 1071 1814 1110
1094 1756 1219 1833 praeter
1242 1751 1285 1815 ti-

118 1858 222 1921 tulum
246 1859 420 1942 scripturae
443 1856 524 1919 nihil
548 1855 713 1933 exhibeat,
744 1855 795 1917 hic
818 1856 922 1918 locum
945 1855 1061 1940 alleget
1083 1878 1121 1919 ex
1144 1878 1180 1920 00
1201 1857 1285 1920 Doc-

112 1962 214 2026 trinae
224 1966 324 2045 parte,
341 1961 470 2046 quaein
487 1959 629 2023 versione
645 1959 739 2024 deest.
777 1957 929 2023 Attamen
945 1961 1154 2039 considerans,
1178 1965 1285 2044 patres

111 2066 229 2131 latinos
253 2071 374 2131 veteres
398 2064 520 2130 nnllam
536 2064 601 2128 fere
617 2063 793 2146 scripturae
808 2064 957 2127 notitiam
972 2066 1113 2147 prodere,
1138 2089 1202 2129 non
1218 2068 1284 2131 sine

113 2172 181 2236 inre
205 2171 389 2236 concludere
405 2170 485 2234 mihi
501 2169 618 2248 videor,
642 2169 817 2232 versionem
833 2173 975 2253 tempore
991 2172 1097 2255 potius
1112 2175 1285 2237 recentiore

113 2300 207 2362 quam
233 2277 412 2360 antiquiore
435 2278 598 2340 exaratam
621 2296 696 2338 0000.
743 2273 776 2339 Si
800 2274 884 2338 enim
898 2274 1054 2339 Doctrina
1071 2276 1136 2339 iam
1153 2278 1284 2342 saeculis

111 2381 271 2466 prioribus
294 2382 378 2464 apud
400 2381 530 2445 Latinos
554 2379 850 2459 circumferebatur,
881 2402 987 2444 nonne
1013 2382 1131 2445 mirum
1153 2386 1219 2462 est,
1250 2383 1283 2446 in

111 2485 308 2551 sermonibus
332 2486 371 2549 ad
394 2485 635 2549 catechumenos
659 2489 691 2548 et
714 2488 926 2567 competentes
942 2486 1069 2564 0101110,
1095 2487 1149 2570 001
1166 2510 1203 2551 ex
1215 2511 1284 2552 000-

110 2591 188 2655 culis
210 2587 368 2654 IV-Vll
391 2590 430 2653 ad
453 2612 511 2653 nos
532 2594 763 2672 pervenerunt,
787 2590 854 2653 eius
877 2613 1034 2675 nusquam
1055 2591 1125 2655 fieri
1148 2594 1283 2658 mentio·

110 2699 204 2759 nem?
236 2694 304 2758 Ant
328 2694 463 2759 fortasse
486 2695 667 2778 ponendum
689 2699 753 2773 est,
789 2696 979 2778 scripturam
1002 2697 1129 2780 quidem
1152 2698 1282 2782 dignam

110 2799 323 2864 existimatam
340 2799 447 2879 fuisse,
470 2823 551 2883 0000
567 2800 600 2863 in
612 2800 758 2885 linguam
769 2800 903 2864 latinam
919 2801 1153 2881 transferretur,
1176 2807 1282 2865 trans-

109 2905 208 2969 latam
232 2926 306 2968 vero
329 2926 458 2988 prorsus
481 2903 660 2988 neglectam
682 2904 780 2968 fuisse
793 2905 842 2988 1)1

195 3008 360 3084 Quomodo
393 3004 550 3092 scriptura
581 3009 682 3072 latina
705 3009 848 3073 confecta
871 3014 945 3073 est?
977 3011 1058 3074 Eam
1082 3033 1145 3074 non
1168 3035 1281 3095 puram

110 3114 287 3179 versionem
311 3117 417 3178 textus
439 3117 545 3200 graeci
569 3137 635 3179 esse
658 3116 722 3178 iam
747 3113 910 3180 Gebhardt
932 3115 1021 3179 vidit.
1067 3116 1281 3183 1011000011-

109 3226 187 3304 quot
209 3220 306 3284 verba
329 3219 437 3300 habet,
462 3244 542 3304 quae
564 3221 671 3285 nullus
690 3222 771 3285 alius
787 3221 877 3284 testis
894 3221 1047 3305 agnoseit,
1071 3221 1191 3286 scilicet
1217 3224 1244 3302 1,
1264 3226 1279 3287 l

109 3325 295 3403 insaecula,
321 3324 349 3404 1,
374 3326 584 3406 auctarium,
609 3328 639 3406 2,
663 3327 682 3391 6
707 3327 847 3408 cupidas.
893 3325 1014 3391 Deinde
1040 3327 1102 3406 1,1
1128 3330 1282 3394 nonnulla

108 3430 246 3508 exhibet,
264 3451 344 3512 quae
360 3431 488 3495 nonnisi
503 3432 537 3495 in
553 3432 690 3515 epistula
701 3431 868 3495 Barnabae
885 3431 935 3495 vel
948 3431 981 3494 in
997 3431 1135 3495 Hermae
1150 3432 1282 3499 Pastore

107 3535 268 3620 leguntur.
315 3533 415 3599 Porro
439 3537 515 3601 ordo
540 3538 769 3602 sententiarum
793 3538 823 3615 2,
840 3538 869 3599 2.
888 3538 907 3600 3
931 3537 965 3600 in
980 3537 1161 3621 fragmento
1179 3539 1281 3603 latino

110 3640 204 3723 plane
220 3639 394 3723 singularis
410 3645 467 3705 001.
506 3642 578 3706 Duo
594 3646 720 3706 tantum
738 3646 1034 3706 commemorentur.
1073 3641 1151 3705 Cum
1167 3643 1282 3727 reliqui

107 3746 214 3823 testes,
238 3744 357 3808 scilicet
378 3745 533 3810 Doctrina
556 3748 771 3830 apostolorum
794 3768 908 3831 graeca
931 3747 981 3811 vel
1004 3748 1101 3810 codex
1125 3745 1279 3810 Constan-

106 3849 354 3933 tinopolitanus,
378 3849 520 3916 Canones
548 3851 765 3932 ecclesiastici,
789 3851 1040 3917 constitutiones
1064 3853 1280 3934 apostolorum

107 3959 139 4019 et
161 3954 339 4040 Syntagma
362 3956 533 4021 Doctrinae
557 3958 683 4043 (inquo
707 3961 810 4023 autem
828 3959 1014 4022 mandatum
1029 3956 1200 4020 secundum
1216 3979 1280 4020 non

106 4060 333 4144 transcriptum
356 4066 419 4140 est;
452 4061 616 4127 Barnabas
640 4064 939 4146 praetermittendus
963 4065 1020 4141 est,
1044 4084 1113 4125 cum
1138 4061 1280 4125 ordinem

106 4201 314 4210 *—

177 4288 201 4359 1)
221 4285 261 4339 ef.
284 4285 469 4357 Theoloyc'scbe
488 4287 699 4358 Quartclscbrc'st
721 4289 787 4344 1887
805 4307 832 4358 p.
851 4289 980 4344 359-61.

1052 4399 1069 4445 θ
