2918 4890
279 321 606 385 CONSTI'I'U’I'IONUM
624 325 891 386 APOSTOLORUM
909 328 1018 386 LIBER
1036 328 1097 388 vil.
1207 333 1281 404 LXI

94 486 180 554 VIII
203 491 416 570 coniunxerit,
439 491 536 555 etiam
559 491 720 555 difficilius
740 495 788 555 est
810 493 849 556 ad
866 492 1088 558 definiendum.
1127 496 1280 562 Attamen

93 596 256 660 nonnulla
272 596 390 660 indicia
412 596 548 679 probare
570 595 728 675 videntur,
752 596 844 659 illum
868 602 972 662 totum
994 620 1083 682 opus,
1107 603 1279 684 appendice

34 789 39 795 ⁶
95 699 268 765 Ganonum
292 700 511 784 apostolorum
527 706 667 783 excepta,
691 702 806 765 ineam
822 702 959 767 formam
975 704 1142 789 redegisse,
1166 707 1200 769 iu
1215 729 1280 791 qua

94 828 182 870 nnnc
206 806 334 891 legitur.

186 910 275 976 Haec
296 911 349 976 hic
372 911 451 976 satis
475 911 560 975 dicta
582 912 657 976 sint.
704 911 894 977 Accuratius
921 915 961 978 de
983 916 1168 998 quaestione
1189 917 1279 981 brevi

96 1016 271 1101 disputabo
293 1018 327 1080 in
353 1017 567 1099 Ilieolopisclie
592 1017 846 1100 Qicoitclccdrift.

186 1121 391 1187 LibrumVII
413 1121 583 1206 diligenter
603 1122 805 1204 inspicientes
821 1122 1112 1202 animadvertimus,
1137 1124 1277 1190 Pseudo·

97 1225 287 1291 clementem
320 1226 507 1291 Doctrinam
540 1227 755 1310 apostolorum
789 1227 854 1291 fere
891 1231 993 1291 totam
1031 1231 1276 1313 transcripsisse,

98 1354 203 1416 pauca
225 1354 300 1397 vero
323 1333 465 1397 omisisse
494 1331 544 1395 vel
567 1335 724 1410 mutasse,
755 1332 874 1396 scilicet
897 1354 952 1409 ea,
985 1355 1066 1416 quae
1095 1336 1135 1398 ad
1157 1339 1278 1400 statum

97 1437 267 1517 ecclesiae,
300 1437 354 1520 qui
384 1440 454 1500 erat
484 1458 540 1500 suo
564 1440 722 1521 tempore,
751 1438 816 1500 iam
849 1459 914 1502 non
943 1443 1034 1503 erant
1056 1445 1277 1522 consentanea,

97 1543 289 1626 praesertim
311 1541 421 1608 Doctr.
436 1542 487 1622 ll,
505 1541 623 1621 3-12,
646 1542 702 1605 ubi
718 1543 756 1606 de
771 1543 923 1627 apostolis
940 1543 990 1607 vel
1005 1545 1277 1627 praedicatoribus

98 1647 175 1712 fidei
197 1647 477 1732 peregrinantibus
494 1649 525 1710 et
541 1646 705 1729 prophetis
723 1648 841 1731 agitur.
880 1647 967 1723 Quae
984 1652 1090 1713 autem
1105 1649 1278 1716 Doctrinae

98 1753 338 1834 adiciebantur,
370 1777 408 1818 ea
430 1752 603 1816 maximam
625 1752 660 1815 in
682 1756 806 1836 partem
829 1776 846 1817 e
868 1751 899 1817 S.
924 1752 1088 1837 Scriptura
1111 1755 1279 1839 desumpta

99 1863 186 1923 sunt.
232 1859 379 1942 Exempli
410 1859 517 1942 gratia
547 1858 717 1937 mandata,
752 1880 832 1942 quae
854 1858 1009 1923 Doctrina
1038 1883 1064 1925 c.
1089 1861 1108 1922 2
1139 1860 1278 1942 exhibet,

99 1964 167 2029 fere
198 1965 305 2028 omnia
334 1964 427 2028 dictis
459 1963 585 2027 biblicis
615 1964 853 2028 confirmantur.
899 1963 946 2029 Ut
968 1965 1060 2028 facile
1093 1986 1275 2049 cognoscas,

100 2091 181 2153 qnae
204 2070 270 2133 sint
294 2070 431 2135 auctoris
452 2069 633 2148 Doctrinae,
657 2091 737 2153 quae
752 2069 1000 2153 interpolatoris,
1024 2093 1104 2154 quae
1120 2069 1151 2136 S.
1169 2069 1276 2155 Scrip-

99 2178 203 2254 turas,
226 2175 324 2239 verba
345 2174 517 2239 Doctrinae
539 2175 774 2238 characteribus
796 2175 984 2255 minoribus,
1007 2176 1103 2240 verba
1124 2175 1153 2241 S.
1169 2175 1276 2261 Scrip-

101 2284 193 2344 turas
216 2304 235 2344 a
251 2279 527 2345 Pseudoclemente
550 2280 658 2344 addita
681 2280 714 2344 in
730 2281 873 2345 versione
887 2281 989 2345 latina
1004 2281 1121 2345 litteris
1137 2281 1276 2365 obliquis

100 2385 258 2468 expressi;
290 2385 387 2449 verba
418 2390 524 2450 autem
554 2385 672 2449 biblica
701 2386 765 2450 iam
799 2387 830 2450 in
854 2385 1008 2450 Doctrina
1031 2388 1189 2451 exstantia
1212 2409 1277 2450 non

101 2489 204 2554 denuo
227 2513 285 2554 nec
306 2491 422 2555 litteris
445 2491 577 2554 mutatis
600 2491 713 2555 necin
736 2492 820 2555 notis
843 2492 1011 2555 indicanda
1034 2513 1100 2555 esse
1123 2491 1203 2554 mihi
1227 2492 1276 2554 vi·

102 2594 269 2659 debentur.

189 2699 372 2765 Editionem
395 2700 667 2766 Constitutionum
698 2701 914 2785 apostolorum
947 2701 1122 2785 principem
1153 2700 1279 2783 paravit

102 2803 155 2868 Fr.
180 2804 356 2870 Turrianus
379 2806 522 2871 Venetiis
545 2830 573 2871 a.
600 2807 702 2887 1563,
728 2808 881 2871 editiones
905 2808 1093 2871 novissimas
1116 2805 1151 2868 P.
1177 2806 1214 2867 A.
1240 2804 1278 2867 de

101 2908 246 2994 Lagarde
263 2911 527 2995 (Constitutiones
540 2913 766 2996 apostolorum,
783 2913 907 2995 Lipsiae
928 2912 1024 2991 1862)
1038 2915 1070 2974 et
1085 2908 1110 2974 I.
1122 2909 1157 2974 B.
1175 2907 1276 2986 Pitra,

103 3011 132 3078 S.
153 3015 191 3078 Ε.
209 3013 247 3078 R.
264 3007 455 3095 Cardinalis,
474 3018 509 3080 in
532 3019 634 3101 primo
657 3018 817 3082 volumine
837 3017 950 3101 operis,
974 3015 1058 3099 quod
1073 3012 1277 3076 inscribitur:

104 3117 185 3183 Iuris
197 3120 399 3185 ecclesiastici
409 3120 600 3185 Graecorum
613 3121 748 3184 historia
758 3125 789 3184 et
799 3124 1005 3184 monumenta
1018 3117 1152 3200 (Itomae
1166 3116 1277 3199 1864).

103 3224 261 3310 Equidem
283 3230 405 3291 textum
428 3226 540 3309 repetii
561 3225 690 3289 editoris
707 3223 925 3300 recentissimi,
950 3222 1005 3306 qui
1028 3221 1134 3285 decern
1157 3220 1277 3285 codices

103 3330 259 3415 inspexit;
292 3331 414 3415 aliquot
437 3335 543 3395 autem
566 3331 665 3408 locos,
698 3328 753 3393 ubi
776 3328 866 3392 Pitra
889 3350 946 3411 per
968 3326 1204 3411 neglegentiam
1227 3325 1277 3389 vel

104 3436 167 3500 alia
191 3459 228 3500 ex
251 3458 345 3500 causa
367 3459 487 3501 errasse
510 3436 646 3515 videtur,
670 3435 839 3518 respiciens
856 3432 1027 3497 editionem
1043 3431 1277 3515 Lagardiauam

22 3594 27 3600 .
103 3541 275 3607 emendavi.

616 3718 770 3727 ,ᾠμ-

442 3890 655 3958 EPISTULA
679 3888 934 3956 BARNABAE.

191 4070 240 4135 De
262 4071 385 4135 ratione
407 4070 492 4133 inter
513 4068 700 4132 Doctrinam
725 4065 942 4149 apostolorum
966 4067 996 4128 et
1020 4062 1186 4125 Barnabae
1209 4060 1277 4143 epi-

104 4176 222 4241 stulam
234 4176 447 4241 intercedente
461 4175 523 4238 iam
535 4196 631 4256 supra
641 4173 837 4255 disputatum
849 4174 905 4235 est.
942 4168 989 4232 df.
999 4163 1163 4230 VIII—X.
1204 4164 1279 4228 Alia

105 4281 190 4346 infra
213 4283 366 4363 dicentur,
390 4281 445 4344 ubi
469 4280 623 4363 epistulae
638 4278 743 4361 capita
759 4273 976 4340 XVIII-XX
996 4273 1043 4335 ita
1058 4291 1167 4334 recusa
1190 4274 1275 4353 sunt,
