2918 4890
173 317 216 381 94
605 313 915 372 GONSTITUTIONES

171 483 225 537 τοῦ
248 473 360 548 παιδός
383 494 455 537 σου·
480 475 526 536 ότι
549 481 605 537 σοῦ
628 474 709 538 ἐστιν
731 475 752 560 ή
776 474 853 553 δόξα
875 477 930 538 καί
951 475 972 560 ή
992 475 1120 560 δύναμις
1143 477 1186 552 εἰς
1208 478 1283 552 τούς
1300 475 1348 539 αί-

172 588 269 652 ῦνας·
294 577 386 663 άμήν.

260 684 290 747 2.
314 691 360 756 ὐς
378 693 425 742 ειν
443 692 532 742 nans
551 693 634 755 ουτος
652 685 832 770 εὐχαριστη,
855 695 1035 760 sponsasse
1054 697 1131 747 αυτὸν
1150 685 1192 761 ὡς
1208 683 1350 769 Χριστοῦ

174 788 334 873 μαθητήν·
367 800 413 850 ἐὰν
438 800 468 851 δὲ
486 800 572 866 ἀλλην
592 801 703 867 διδαχὴν
721 803 841 868 κηρύσση
866 791 940 877 παρ’
960 793 999 877 ἢν
1025 792 1094 877 ὑμῖν
1120 790 1308 873 παρέδωκεν
1333 788 1350 852 ὃ

135 911 147 948 υ
173 890 308 976 Χριστός
332 892 370 958 δι’
390 895 488 980 ήμῶν,
512 903 555 978 τῷ
571 895 701 979 τοιούτῳ
725 899 767 981 μή
784 906 976 981 συγχωρεῖτε
992 898 1208 981 εὐχαριστεῖν·
1232 893 1353 981 ὑβρίζει

172 1001 234 1082 γάρ
257 998 274 1060 ό
296 1006 435 1074 τοιοῦτος
458 1002 510 1062 τόν
534 1000 620 1084 θεόν,
643 1003 725 1085 ήπερ
751 1001 885 1082 δοξάζει.

260 1102 410 1168 XXVIII.
446 1115 503 1177 Πᾶς
520 1116 550 1166 δὲ
570 1118 585 1166 ό
603 1118 745 1182 ἐρχόμενος
763 1119 827 1182 πρός
843 1119 917 1184 ὑμᾶς,
936 1119 1115 1186 δοκιμασθείς,
1134 1120 1201 1170 ούτω
1213 1114 1352 1181 δεχέσθω·

172 1222 270 1270 σύνεσιν
289 1223 341 1285 γάρ
360 1223 445 1292 έχετε,
468 1214 523 1275 καί
546 1211 684 1275 δύνασθε
704 1226 800 1287 γνῶναι
818 1224 904 1285 δεξιάν
921 1224 938 1288 ή
958 1223 1093 1288 ἀριστεράν
1116 1213 1170 1275 καί
1194 1212 1353 1293 διακρῖναί

174 1314 483 1396 ψευδοδιδασκάλους
507 1317 716 1382 διδασκάλων.
763 1319 792 1384 2.
816 1314 962 1380 Ἐλθόντι
981 1316 1084 1401 μέντοι
1105 1326 1149 1402 τῷ
1165 1314 1350 1399 διδασκάλῳ

135 1436 160 1471 10
175 1420 212 1482 ἐκ
229 1420 331 1506 ψυχης
349 1421 600 1507 ἐπιχορηγήσατε
615 1425 655 1485 τὰ
671 1421 797 1485 δέοντα·
821 1431 864 1507 τῷ
881 1423 916 1486 δέ
932 1421 1213 1506 ψευδοδιδάσκάλῳ
1231 1419 1350 1484 δώσετε

176 1526 231 1607 μέν
253 1526 293 1587 τά
315 1528 393 1608 πρός
416 1527 533 1611 χρείαν,
569 1529 606 1591 οὐ
628 1527 847 1610 παραδέξεσθε
870 1529 905 1591 δέ
927 1530 1023 1591 αὐτοῦ
1047 1532 1102 1612 τήν
1125 1527 1245 1610 πλάνην
1279 1526 1351 1588 οὔτε

176 1634 235 1715 μὴν
259 1632 539 1717 συμπροσεύξησθε
563 1634 657 1717 αὐτῷ,
680 1635 730 1696 ίνα
746 1636 788 1718 μή
806 1634 1020 1718 συμμιανθήτε
1036 1634 1130 1716 αὐτῷ.
1168 1633 1198 1696 3.
1218 1640 1350 1705 Πᾰςπρα

175 1749 260 1813 ρητης
283 1747 410 1813 ἀληθινὸς
431 1739 452 1822 ή
476 1737 667 1812 διδάσκαλος
691 1738 860 1822 ἐρχόμενος
882 1740 961 1822 πρὸς
983 1737 1063 1822 ὑμᾶς
1084 1748 1350 1811 αξιόςεστιι-ηςτρο

175 1858 227 1918 φης
245 1854 282 1915 ὡς
300 1855 415 1920 ἐργάτης
437 1843 536 1928 λόγου
560 1844 766 1928 δικαιοσύνης.

137 1976 161 2011 ιι
262 1948 379 2014 XXIX.
411 1960 501 2010 Πᾶσαν
521 1959 645 2024 ἀπαρχήν
664 1960 830 2024 γεννημάτων
848 1958 945 2023 ληνοῦ,
969 1957 1071 2018 άλωνος
1090 1957 1155 2020 βοῶν
1173 1971 1203 2006 τε
1226 1959 1274 2007 καί
1291 1971 1351 2021 προ-

176 2064 258 2125 βάτων
279 2065 370 2127 σώσεις
395 2064 458 2128 τοῖς
482 2055 629 2137 ίερεῦσιν,
655 2056 706 2116 ίνα
729 2053 944 2137 εὐλογηθῶσιν
968 2051 999 2113 αἱ
1022 2051 1188 2135 ἀποθήκαι
1210 2062 1273 2117 τῶν
1296 2073 1350 2114 τα-

177 2157 271 2241 μείων
295 2180 351 2222 σου
374 2162 428 2223 καί
451 2163 490 2223 τά
513 2160 647 2243 έκῳόρια
668 2168 723 2243 τῆς
746 2167 805 2243 γής
827 2179 901 2240 σου,
925 2159 980 2220 καί
1003 2157 1177 2241 στηριχθής
1200 2157 1275 2240 σίτῳ
1298 2156 1352 2218 καί

177 2263 249 2346 οίνῳ
272 2265 327 2326 καί
350 2263 463 2348 ἐλαίῳ,
497 2266 551 2327 καί
573 2263 698 2348 αὐξηθή
722 2266 761 2326 τά
785 2262 938 2349 βουκόλια
960 2270 1021 2325 τῶν
1047 2262 1127 2348 βοῶν
1151 2283 1209 2325 σου
1236 2263 1292 2325 καί
1314 2262 1351 2323 τὰ

176 2365 302 2449 ποίμνια
324 2377 385 2432 τῶν
408 2368 573 2455 προβάτων
589 2387 667 2431 σου·
690 2377 793 2430 πᾶσαν
817 2366 952 2452 δεκάτην
970 2366 1080 2442 δύσεις
1094 2373 1138 2450 τῷ
1154 2367 1282 2452 ὀρφανῷ
1298 2366 1352 2429 καί
1372 2442 1374 2447 γ

138 2498 162 2534 20
176 2480 214 2554 τῇ
238 2470 340 2556 χήρᾳ,
372 2487 408 2547 τῷ
433 2490 529 2550 πτωχῷ
551 2475 605 2536 καί
628 2481 671 2558 τῷ
694 2472 892 2556 προσηλύτῳ.
938 2473 966 2534 2.
990 2483 1081 2532 Πᾶσαν
1100 2481 1223 2547 ἀπαρχήν
1248 2474 1351 2555 ἄρτων

176 2576 313 2659 θερμῶν,
341 2591 467 2653 κεραμίου
494 2591 563 2640 οτνου
586 2591 603 2654 ἢ
623 2590 713 2640 ελαίου
739 2580 760 2662 ή
785 2576 907 2662 μέλιτος
931 2577 1163 2660 ήάκροδρύων,
1189 2576 1350 2660 σταφυλῆς

175 2680 196 2763 ἢ
220 2690 281 2744 τῶν
297 2681 402 2745 ἄλλων
424 2694 471 2758 τήν
489 2695 611 2759 ἀπαρχήν
630 2697 723 2756 δώσεις
747 2693 810 2758 τοῖς
828 2683 976 2766 ἱερεῦσιν·
1001 2692 1126 2758 ἀργυρίου
1146 2694 1176 2742 δὲ
1193 2694 1240 2742 καί
1254 2695 1351 2758 ἱματισ·

176 2799 226 2859 μοῦ
243 2799 290 2846 καί
308 2799 405 2860 παντὸς
423 2800 557 2865 κτήματος
575 2799 618 2875 τῷ
643 2791 769 2874 ὀρφανῷ
792 2789 847 2851 καί
870 2798 908 2872 τή
931 2786 1025 2871 χήρᾳ.

264 2893 364 2962 XXX.
402 2906 455 2973 Τήν
483 2897 690 2980 ἀναστάσιμον
713 2911 758 2958 τοῦ
776 2908 868 2970 κυρίου
888 2905 999 2969 ἡμέραν,
1022 2902 1068 2968 τήν
1087 2901 1215 2966 κυριακήν
1241 2911 1352 2975 φαμεν,

139 3027 164 3064 sc
178 3009 335 3074 συνέρχεσθε
359 3000 575 3080 ἀδιαλείπτως,
598 3012 810 3076 εὐχαριστοῦντες
830 3008 873 3084 τῷ
889 2999 956 3082 θεῷ
978 3010 1026 3058 καί
1044 3007 1282 3073 ἐξομολογούμενοι
1307 2993 1354 3079 ἐφ’

178 3105 223 3177 οίς
233 3103 440 3189 εὐηργέτησεν
449 3106 533 3190 ήμᾶς
545 3106 562 3168 ό
574 3105 650 3179 θεός
661 3106 712 3168 διά
723 3103 872 3188 Χριστοῦ,
883 3104 1054 3188 ῥυσάμενος
1068 3103 1205 3186 άγνοίας,
1221 3102 1352 3185 πλάνης,

178 3208 314 3292 δεσμῶν·
347 3211 376 3274 2.
401 3221 472 3283 ὅπως
490 3223 622 3288 ἄμεμπτος
645 3217 662 3286 ἦ
687 3220 802 3287 ηῦυοια
821 3222 891 3288 ὑμῶν
917 3211 972 3273 καὶ
1000 3208 1194 3290 εὐανάῳορος
1216 3206 1296 3291 θεῷ,
1319 3221 1354 3280 τῳ

178 3325 275 3373 ειπόντι
298 3316 368 3396 περί
391 3325 446 3399 τής
470 3318 687 3400 οἰκουμενικής
711 3318 807 3380 αὐτοῦ
832 3314 1019 3401 ἐκκλησίας,
1044 3314 1090 3374 ότι
1113 3322 1157 3371 Ἐν
1182 3323 1258 3371 παντί
1283 3321 1354 3384 τόπῳ

179 3444 221 3494 μοι
238 3430 475 3494 προσενεχθήσεται
503 3422 646 3506 θυμίαμα
677 3424 731 3484 καί
756 3434 834 3484 θυσία
851 3433 974 3497 καθαρά·
1001 3431 1039 3480 ότι
1057 3427 1178 3491 βασιλεὺς
1197 3427 1282 3492 μέγας
1300 3426 1354 3492 ἐγιύ

142 3555 167 3592 30
179 3537 239 3600 εἰμι,
258 3535 334 3600 λέγει
354 3536 446 3600 κύριος
461 3528 700 3611 παντοκράτωρ,
716 3541 763 3588 καί
775 3537 804 3587 τό
818 3537 900 3600 όνομά
912 3550 960 3599 μου
973 3534 1123 3598 θαυμαστόν
1135 3535 1163 3582 έν
1177 3536 1230 3594 τοῖς
1240 3534 1354 3585 ἔθνεσιν.

265 3629 383 3695 XXXI.
422 3642 627 3708 Προχειρίσασθε
645 3645 675 3693 δέ
693 3644 854 3704 ἐπισκόπους
874 3643 960 3702 ἀξίους
978 3645 1022 3691 τοῦ
1040 3643 1131 3705 κυρίου
1152 3631 1206 3692 καί
1221 3629 1355 3716 πρεσβυ-

179 3739 287 3825 τέρους
310 3749 356 3795 καί
379 3750 529 3811 διακόνους,
555 3749 651 3813 ἄνδρας
674 3737 834 3823 εὐλαβεῖς,
859 3734 1015 3817 δικαίους,
1038 3751 1137 3810 πραεῖς,
1148 3744 1354 3811 ἀφιλαργύρους,

215 3934 238 3984 2.
265 3932 332 3986 Posi
351 3932 425 3985 hunc
438 3946 545 3984 versum
564 3928 698 3984 Doctrina
711 3931 751 3991 11,
764 3931 766 3991 ξ
779 3927 823 3983 sit.
862 3926 922 3982 Uno
946 3929 1060 3980 tanium
1085 3927 1170 3981 verbo
1194 3925 1357 3983 mma

181 4020 266 4073 3-12
292 4018 326 4072 de
353 4016 488 4087 apostolis
516 4015 697 4084 suscipiendis
723 4019 751 4070 ct
764 4024 767 4099 ή
780 4016 948 4087 prophetam
963 4015 1084 4084 respicii,
1107 4015 1270 4068 Doctrinam
1286 4015 1354 4080 13,1

181 4107 325 4176 prophetis
344 4103 530 4159 diiudicandis
548 4102 618 4172 agit.
647 4103 752 4160 Auctor
765 4102 767 4117 ¹
780 4106 915 4173 repetens.

182 4195 333 4249 sectionem
351 4197 443 4250 totam
470 4192 549 4247 velut
574 4209 624 4261 pro
644 4191 753 4247 ratione
814 4192 941 4247 XXVIII.
951 4189 1357 4255 cf.D00trins12,1;13,1-2.

182 4282 315 4350 temporis
332 4296 569 4352 supervacaneam
590 4258 768 4349 praetermii
816 4279 917 4343 XXIX,
940 4281 958 4332 i.
988 4299 1012 4334 τ.
1026 4276 1154 4352 ἱερεῦσιν]
1173 4286 1233 4345 τοῖς
1250 4279 1357 4352 προφή-
