2918 4890
137 309 249 380 XVIII
584 304 862 365 enouucouenl.

138 474 349 550 continente
334 473 515 556 etquidem
539 469 717 553 symbolum
731 467 906 533 Nicaenum
925 469 1070 553 pluribus
1086 469 1175 533 addit
1161 469 1314 533 tementis

139 578 252 640 adauct
238 582 318 656 t‚u1n
341 599 476 660 quorum
499 580 660 660 postremo
683 579 756 638 auct
758 596 793 637 or
742 574 876 637 ttAn
862 573 1215 657 thropomorphitarum
1239 543 1314 638 doo-

138 683 257 746 trinam
281 682 421 746 defendit
445 680 628 766 (Migne‚P.
652 679 705 744 (ir
730 678 1082 761 tM28p1836—44.)
1130 679 1218 754 Quae
1241 701 1314 743 cnm

138 788 185 850 ita
207 787 283 867 sint,
306 787 415 870 paucis
438 787 541 851 verbis
565 784 684 848 sufficit
706 806 871 866 exponere,
895 784 926 846 in
947 789 1102 867 quantum
1118 783 1196 848 haec
1212 785 1314 867 scrip·

141 895 213 954 tura
235 893 276 956 ab
299 892 355 955 illa
377 892 531 956 discedat.
570 889 760 953 Differentia
775 893 880 952 eutem
897 889 974 952 haec
990 893 1047 952 est.
1087 888 1209 952 Auctor
1224 886 1314 951 Fidei

139 993 298 1060 Nicaenae
320 1018 382 1059 non
407 997 535 1061 scribit:
570 996 606 1057 ού
629 993 805 1076 φονεύσεις,
834 993 886 1056 sed
911 1014 1042 1056 numero
1064 992 1183 1075 plurali
1205 996 1313 1056 utens:

139 1100 176 1161 ού
199 1100 397 1183 φονεύσομεν
421 1100 508 1175 κτλ.;
542 1104 614 1182 post
646 1099 681 1159 οὐ
713 1097 945 1179 φαρμακεύσεις
975 1097 1066 1180 ponit
1098 1097 1248 1160 mandata
1277 1098 1313 1159 ού

139 1201 317 1288 κλέψωμεν,
334 1207 371 1268 ού
387 1203 733 1288 ψευδομαρτυρήσιυμεν
746 1201 800 1284 (Ι),
814 1203 844 1279 2,
855 1202 884 1264 2.
899 1203 949 1285 3);
972 1224 1030 1284 pro
1046 1199 1167 1283 ἀπέχου
1183 1209 1313 1263 πνικτοῦ

140 1310 194 1370 καί
217 1308 429 1372 εἰδωλοθύτου
461 1310 515 1371 καί
546 1310 675 1390 αἵματος
707 1306 836 1370 exhibet
866 1304 1064 1389 ἀπεχώμεθα
1096 1313 1226 1367 πνικτοῦ
1259 1306 1313 1367 καί

140 1415 271 1495 αίματος
293 1416 347 1476 καί
363 1412 553 1494 πλεονεξίας,
577 1413 708 1476 addens:
732 1413 799 1493 ὅροι,
821 1410 980 1493 άνθριυπε,
1005 1409 1092 1492 μήτις
1109 1430 1143 1471 σε
1160 1409 1314 1492 ἀπατήσει

139 1526 193 1601 τῆς
216 1517 348 1592 πίστεως
376 1517 506 1602 ταύτης,
538 1519 605 1581 ἐπεί
634 1517 774 1601 παρεκτύ
760 1539 791 1590 ς
816 1538 850 1579 σε
874 1517 951 1579 θεοῦ
975 1515 1115 1577 διδάσκει
1140 1515 1237 1597 (Do,
1263 1517 1312 1597 1);

138 1623 223 1686 inter
253 1625 295 1706 μὴ
319 1621 453 1706 ψεύστην
486 1627 518 1688 et
551 1626 592 1706 μὴ
625 1621 752 1705 αὐθάδη
786 1621 917 1685 inserit:
952 1618 1028 1702 μήτε
1060 1618 1203 1701 δργίλον,
1235 1619 1314 1703 μήτε

140 1726 288 1808 πάροινον
310 1728 331 1810 ἢ
356 1725 557 1810 φιλάργυρον,
582 1730 624 1811 μὴ
648 1726 849 1810 ὑπερήφανον
874 1725 971 1808 (De,
996 1727 1025 1788 2.
1050 1726 1094 1804 5).

41 1816 45 1823 ’
229 1832 410 1910 Quaeritur,
437 1854 517 1916 quae
540 1833 622 1896 ratio
645 1831 730 1896 inter
752 1832 925 1913 scripturas
948 1830 1133 1908 intercedat,
1156 1852 1231 1892 num
1250 1851 1314 1892 una

142 1959 179 1999 ex
193 1938 303 2014 altera,
326 1959 368 1998 an
392 1938 504 2001 ambae
525 1959 563 2001 ex
586 1938 682 2000 tertia
697 1941 802 2000 ortum
818 1936 967 1999 habeant.
1006 1935 1034 1998 Ε
1051 1936 1209 1999 communi
1225 1934 1316 1998 fonte

145 2063 197 2104 eas
221 2040 350 2104 fluxisse
374 2044 495 2105 censuit
511 2041 664 2106 Warfield
680 2043 704 2118 1)
729 2045 760 2105 et
783 2041 911 2103 initium
934 2039 1109 2122 scripturae
1129 2037 1316 2121 principalis

145 2147 207 2226 (vel
230 2145 339 2209 Doctr.
366 2146 393 2224 1,
418 2147 513 2225 2-2,
538 2148 572 2230 2)
595 2147 641 2209 ita
664 2146 822 2210 restituit:
845 2143 962 2227 Κύριον
984 2146 1036 2205 τὸν
1059 2143 1135 2205 θεάν
1154 2164 1211 2204 σου
1235 2143 1315 2224 ἀγα-

141 2248 251 2333 πήσεις
274 2248 307 2326 ἐξ
330 2249 406 2333 ὅλης
429 2250 561 2332 καρδίας
584 2272 640 2312 σου
663 2252 717 2312 καί
740 2248 773 2326 ἐξ
797 2249 871 2333 ὅλης
894 2259 949 2333 της
974 2249 1077 2332 φυλῆς
1094 2270 1158 2327 σου,
1183 2249 1237 2309 καί
1261 2250 1316 2309 τὸν

140 2352 271 2436 πλησίον
296 2375 353 2416 σου
377 2353 419 2428 ὡς
442 2353 590 2417 σεαυτύν·
615 2355 650 2416 ού
675 2354 842 2435 φονεύσεις,
867 2356 903 2415 ού
920 2352 1104 2436 μοιχεύσεις,
1128 2354 1164 2414 ού
1180 2351 1314 2434 πορνεύ-

140 2479 213 2533 σεις,
238 2459 274 2519 ού
298 2458 573 2541 παιδοφθορήσεις,
598 2461 634 2520 ού
658 2459 899 2542 φαρμακεύσεις,
924 2461 960 2521 σύ
983 2455 1120 2538 κλέψεις,
1145 2458 1181 2519 ού
1199 2457 1316 2538 ψευδο-

141 2561 358 2645 μαρτυρήσεις,
382 2564 417 2624 ού
442 2563 693 2646 διχοστατησεις·
718 2566 818 2647 άπεχε
841 2573 971 2625 πνικτοῦ
997 2561 1067 2646 [καί
1083 2561 1313 2644 είδωλοθύτου]

141 2669 195 2729 καί
220 2668 350 2749 αἵματος
373 2667 441 2750 [καί
464 2666 667 2750 πλεονεξίας).
713 2666 835 2732 Revera
858 2668 885 2731 si
900 2672 1006 2732 textus
1023 2666 1158 2731 fideliter
1181 2670 1229 2730 est
1245 2671 1317 2730 tra-

141 2772 237 2850 ditus,
261 2771 413 2835 iudicium
436 2772 515 2835 illud
538 2772 703 2836 ferendum
727 2776 783 2836 est.
822 2771 900 2836 Cum
917 2774 1022 2836 autem
1038 2775 1145 2835 textus
1162 2792 1315 2855 magnam

141 2876 353 2959 suspicionem
368 2881 503 2955 moveat,
526 2877 612 2941 haud
629 2878 724 2961 plane
740 2878 933 2962 negaverim,
957 2877 1066 2941 Fidem
1083 2875 1258 2941 Nicaenam
1276 2900 1315 2941 ex

142 2980 352 3066 Syntagmate
374 2980 549 3064 profectam
572 3005 648 3047 esse.

227 3083 359 3149 Saeculo
374 3085 421 3149 Vl
437 3092 570 3151 exeunte
593 3088 727 3172 denique
749 3087 791 3152 Io
804 3110 931 3152 annes
954 3087 1111 3152 Cliniae
1124 3110 1166 3150 us
1189 3085 1316 3151 Sinaita

140 3186 328 3252 Doctrinam
353 3191 381 3267 1,
406 3190 427 3253 4
458 3192 630 3275 respexisse
660 3194 786 3257 videtur
818 3193 974 3257 scribens:
1009 3191 1157 3277 Εὐσεβιῑιν
1192 3193 1246 3274 μὲν
1277 3195 1314 3255 τὸ

140 3291 274 3354 αἰτοῦντι
298 3292 422 3376 διδύναι,
446 3297 673 3382 εύσεβεστέρων
698 3298 732 3360 δὲ
755 3299 809 3359 καί
832 3304 874 3378 τῷ
900 3299 941 3379 μὴ
965 3296 1107 3372 αἰτοῦντι,
1132 3298 1167 3358 rt
1192 3296 1226 3358 δὲ
1249 3298 1314 3359 ἀπὸ

140 3402 194 3456 τοῦ
218 3396 360 3476 αἴροντος
384 3401 426 3481 μὴ
450 3400 599 3481 ἀπαιτεῖν,
624 3399 812 3483 δυναμένους
835 3397 979 3482 μάλιστα,
1002 3398 1086 3482 τάχα
1100 3410 1161 3464 τῶν
1177 3401 1314 3465 ἀπαθῶν

140 3498 194 3559 καί
218 3497 319 3580 μύνιυν
343 3500 418 3563 ἴδιον
442 3502 643 3587 καθέστηκεν
667 3503 791 3587 (Migne
813 3508 836 3569 t.
861 3505 902 3568 88
926 3528 956 3587 p.
982 3504 1090 3584 1029).

228 3602 381 3686 Tempore
413 3608 604 3689 posteriore,
635 3614 671 3672 nt
700 3609 765 3673 iam
793 3609 1017 3693 cognovimns,
1048 3608 1155 3692 plures
1186 3611 1314 3693 quidem

141 3707 315 3773 Doctrinae
337 3710 530 3776 mentionem
557 3713 718 3792 fecerunt,
751 3714 896 3779 nonnulli
928 3718 1035 3777 autem
1063 3736 1101 3777 ex
1125 3714 1169 3777 eis
1193 3714 1311 3779 librum

139 3812 204 3874 iam
226 3834 290 3876 non
313 3813 459 3879 viderunt
481 3816 531 3880 vel
555 3816 710 3901 legerunt.

228 3916 418 4001 Priusquam
441 3925 548 3985 autem
563 3923 603 3986 ad
620 3923 714 3986 aliam
733 3924 949 4006 quaestionem
965 3921 1196 4005 progredimur,
1220 3924 1313 3988 nobis

139 4022 396 4107 investigandum
419 4030 477 4105 est,
500 4050 577 4092 num
601 4027 994 4112 Pseudophocylidi
1018 4031 1113 4110 atque
1129 4027 1312 4092 auctoribus

141 4166 348 4174 -——-—--

212 4250 236 4316 1)
255 4249 372 4303 Journal
390 4252 423 4319 of
438 4252 480 4305 the
498 4252 654 4322 Exspctical
674 4252 779 4320 θυσίαις)
799 4252 865 4306 1886
884 4270 910 4320 p.
931 4252 1044 4307 86-91.
