2918 4890
390 368 580 424 nooralnn
599 369 786 424 DUODEOIM
804 369 1072 428 APOSTOLORUM.
1285 375 1315 438 V

136 528 183 590 ἔτι
195 526 239 608 δέ,
252 527 293 602 ὡς
307 530 393 614 έφην,
409 527 586 613 ἡἸωάννου
597 527 804 610 ἀποκάλυψις,
826 529 852 591 εἰ
865 528 983 613 φανείη,
1001 532 1039 613 ἥν
1055 550 1143 612 τινες,
1168 531 1210 606 ὡς
1227 534 1313 618 ἔφην,

138 631 317 714 ἀθετοῦσιν,
329 634 430 715 ἕτεροι
443 632 477 694 δὲ
488 630 663 714 ἐγκρίνουσι
674 641 737 705 τοῖς
748 631 1008 716 ὁμολογουμένοις
1020 653 1026 667 ·
1043 634 1104 718 ἤδη
1116 633 1143 697 δ’
1153 635 1185 697 ἐν
1195 636 1314 710 τούτοις

135 738 217 810 τινὲς
231 737 286 798 καί
300 738 334 798 τὸ
352 733 430 798 καθ’
440 735 603 820 Ἑβραίους
621 733 803 818 εὐαγγέλιον
816 733 998 818 κατέλεξαν,
1014 738 1037 820 ᾧ
1052 737 1185 820 μάλιστα
1196 738 1315 824 Ἑβραί-

136 861 180 904 ων
193 841 222 904 οί
231 843 284 903 τὸν
296 839 432 923 Χριστὸν
445 839 693 923 παραδεξάμενοι
703 839 856 922 χαίρουσι.
884 839 991 902 Ταῦτα
1004 841 1038 904 δέ
1048 842 1150 906 ποίντα
1163 852 1223 906 τῶν
1238 843 1314 906 ἀντι-

139 944 318 1028 λεγομένων
343 947 379 1007 ἀν
404 946 460 1029 εἴη.
507 945 597 1021 Quod
619 945 700 1009 liber
720 945 899 1024 Doctrinae,
924 968 988 1009 non
1006 948 1160 1012 Doctrina
1186 952 1313 1032 aposto-

137 1052 243 1115 lorum
269 1051 457 1133 appellatur,
481 1049 599 1112 nullius
623 1050 774 1113 momenti
798 1072 864 1114 esse
896 1050 1030 1114 videtur.
1077 1051 1313 1137 Argumentum

137 1156 214 1218 libri
231 1155 386 1219 eiusmodi
402 1159 459 1233 est,
483 1159 519 1218 ut
536 1155 648 1219 titulus
664 1155 756 1218 facile
772 1177 903 1219 numero
918 1156 1036 1238 plurali
1053 1157 1188 1240 exprimi
1202 1160 1312 1241 possit.

227 1259 329 1339 Alter,
355 1261 410 1344 qui
430 1260 506 1323 libri
521 1261 675 1339 meminit,
699 1265 747 1324 est
768 1260 1045 1325 Athanasius.
1092 1260 1264 1345 Postquam
1280 1264 1313 1326 in

137 1365 276 1449 epistula
304 1365 445 1448 paschali
468 1363 606 1428 XXXIX
620 1365 665 1446 ¹),
696 1388 790 1448 quarn
823 1388 850 1429 a.
875 1364 938 1428 367
963 1366 1108 1449 scripsit,
1141 1367 1313 1449 scripturas

136 1492 243 1534 sacras
273 1470 323 1533 vel
353 1469 518 1534 canonicas
550 1471 764 1548 enumeravit,
795 1474 920 1553 praeter
941 1470 1013 1534 illas
1037 1471 1209 1554 scripturas
1233 1471 1313 1535 alios

137 1576 220 1638 dixit
243 1597 309 1638 esse
333 1575 450 1654 libroS,
485 1574 539 1658 qui
563 1575 689 1657 quidem
718 1597 782 1638 non
813 1579 917 1640 essent
939 1576 1099 1653 canonici,
1128 1597 1146 1638 a
1169 1575 1313 1658 patribus

137 1682 245 1742 autem
268 1679 412 1758 confecti,
437 1684 473 1742 ut
495 1679 754 1762 praelegereutur
776 1679 839 1758 eis,
873 1680 927 1763 qui
950 1679 990 1742 ad
1013 1679 1107 1743 fidem
1131 1679 1313 1742 accederent

138 1787 172 1847 et
193 1784 322 1866 pietatis
346 1806 523 1848 sermonem
546 1783 649 1847 doceri
666 1783 793 1862 vellent,
817 1787 849 1847 et
871 1784 954 1848 inter
973 1782 1032 1846 hos
1048 1782 1147 1846 libros
1171 1783 1314 1847 nominat

137 1887 325 1951 Doctrinam
349 1911 429 1971 quae
452 1889 568 1951 dicitur
590 1888 816 1971 apostolorum.
856 1887 963 1953 Verba
985 1888 1084 1970 ipsius
1108 1892 1201 1952 sunt:
1224 1885 1313 1949 Ἀλλ’

140 1991 234 2054 ἕνεκά
246 2013 283 2074 γε
296 1991 438 2066 πλείονος
450 1991 610 2077 ἀκριβείας
622 1991 812 2075 προστίθημι
823 1992 865 2075 δὴ,
876 2000 966 2054 τοῦτο
982 1991 1111 2074 γροίφων
1123 1990 1312 2074 ἀναγκαίως,

141 2095 184 2169 ὡς
207 2097 253 2158 ὅτι
277 2096 340 2158 ἐστὶ
363 2097 418 2158 καί
441 2098 533 2179 ἕτερα
557 2078 659 2181 βιβλία
676 2096 793 2158 τούτων
819 2095 937 2172 έξωβεν
955 2097 990 2158 οὐ
1007 2095 1232 2179 κανονιζέμενα
1248 2094 1312 2179 μέν,

141 2199 343 2283 τετυπωμένα
368 2201 403 2263 δέ
426 2204 512 2283 παρὰ
527 2209 589 2263 τῶν
605 2200 748 2283 πατέρων
764 2199 1037 2283 ἀναγινώσκεσθαι
1052 2209 1116 2273 τοῖς
1133 2202 1202 2281 ἀρτι
1218 2221 1312 2283 προσ-

140 2301 320 2386 ερχομένας
343 2305 397 2366 καί
420 2302 619 2388 βουλομένοις
643 2304 854 2387 κατηχεῖσθαι
876 2307 928 2367 τὸν
952 2313 1006 2388 τῆς
1023 2303 1180 2390 εὐσεβείας
1197 2303 1311 2386 λόγον·

139 2405 240 2490 Σοφία
262 2405 466 2490 Σολομῶντος
490 2408 544 2468 καί
568 2405 668 2488 Σοφία
691 2405 793 2490 Σιράχ
815 2409 869 2469 καί
891 2406 1011 2493 Ἐσβηρ
1042 2409 1097 2470 καί
1119 2405 1237 2470 ’lentilli
1259 2409 1313 2469 καί

140 2508 263 2595 Τωβίας
295 2512 350 2573 καί
373 2510 536 2594 Διδαχὴ
566 2510 801 2595 καλουμένη
831 2521 907 2574 τῶν
938 2510 1183 2573 ἀποστόλων
1217 2512 1312 2574 καὶὸ

139 2612 268 2698 Ποιμήν.
312 2613 376 2677 Καί
398 2617 498 2698 ὅμως,
523 2615 694 2699 ἀγαπητοί,
718 2615 872 2679 κάκείνων
896 2614 1143 2699 κανονιζομένων
1168 2617 1222 2678 καί
1244 2616 1312 2678 τοί)-
1347 2597 1352 2604 ’

16 2754 20 2759 ·
52 2800 56 2805 ἢ
138 2738 200 2781 των
225 2719 526 2803 ἀναγινωσκομένων
551 2721 690 2803 οὐδαμοῦ
713 2731 774 2784 τῶν
791 2721 983 2804 ἀποκρὺφων
1008 2719 1123 2804 μνήμη,
1147 2718 1218 2784 ἀλλ’
1232 2720 1312 2802 αἱρε-

138 2831 233 2888 τικῶν
258 2824 339 2887 ἐστιν
363 2820 482 2887 ἐπίνοια
505 2824 573 2887 κτλ.

228 2929 293 2993 Alii
316 2933 412 3006 testes
433 2934 508 2994 sunt
524 2934 633 2994 auctor
656 2929 845 3013 catalogi
869 2930 1186 3012 scripturarum
1208 2950 1313 2992 sacra-

139 3057 229 3113 rum,
260 3034 315 3117 qui
344 3041 486 3117 ternpore
508 3034 679 3099 Iustiniani
710 3033 906 3116 conscriptus
931 3037 962 3098 et
984 3034 1016 3095 in
1041 3032 1145 3096 codice
1168 3032 1313 3097 Parisino

140 3137 384 3212 Quaestionibus
415 3143 446 3203 et
476 3138 746 3223 Responsionibus
770 3137 933 3201 Anastasii
964 3136 1164 3221 patriarchae
1197 3136 1313 3201 Antio-

139 3243 233 3307 cheni
257 3243 291 3328 (†
315 3245 391 3325 599)
417 3245 555 3309 adiectus
576 3249 640 3324 est,
671 3249 703 3309 et
724 3243 923 3326 Nicephorus
951 3241 1134 3325 patriarcha
1157 3239 1313 3305 Constan-

140 3348 372 3431 tinopolitanus
395 3350 417 3430 γ
440 3350 513 3413 828,
560 3349 611 3412 Αί)
634 3349 690 3413 illo
715 3349 934 3412 discernuntur
955 3347 1130 3431 scripturae
1145 3347 1314 3412 canonicae

139 3442 271 3517 nurnero
287 3451 353 3532 LX,
377 3457 409 3517 et
425 3453 608 3536 scripturae,
633 3476 713 3536 quae
730 3456 805 3517 sunt
819 3455 909 3516 extra
924 3434 1086 3529 canonem]
1109 3473 1241 3515 numero
1256 3450 1313 3530 IX,

140 3560 172 3620 et
195 3557 403 3641 apocryphae,
426 3579 558 3620 numero
573 3555 675 3635 XXV,
700 3561 732 3620 et
754 3556 837 3619 inter
859 3555 918 3618 has
941 3558 973 3618 et
995 3554 1121 3637 quidem
1137 3558 1209 3637 post
1225 3553 1313 3617 Petri

141 3659 357 3744 Apocalypsin
391 3666 423 3725 et
446 3665 519 3725 ante
543 3660 711 3743 epistulam
736 3660 901 3723 Barnabae
924 3662 956 3722 et
979 3657 1071 3720 Pauli
1094 3661 1182 3721 actus
1206 3679 1313 3721 recen·

140 3769 251 3827 sentur
273 3763 418 3848 Περίοδοι
440 3767 495 3828 καί
519 3765 650 3849 Διδαχαί
678 3773 739 3827 τῶν
764 3762 948 3826 ἀποστόλων
963 3761 999 3844 ²).
1044 3760 1077 3826 Ν
1085 3761 1314 3845 icephorus

141 3869 175 3931 in
199 3867 424 3934 Stichometria
451 3873 523 3952 post
546 3869 758 3933 recensionem
781 3867 1010 3950 scripturarum
1034 3866 1256 3929 canonicarum
1278 3887 1314 3928 ac

142 3973 321 4053 dubiarum,
345 3996 426 4057 quae
448 3978 523 4037 sunt
545 3974 579 4036 in
601 3973 694 4036 Novo
719 3973 922 4036 Testamento
946 3970 1155 4056 Apocalypsis
1173 3969 1313 4050 Ioannis,

157 4093 359 4199 Ηι’)ἰιιςιιε
381 4129 484 4184 ferror.
505 4127 551 4182 or.
572 4130 592 4181 ι.
612 4128 644 4181 as
664 4146 688 4196 p.
712 4127 787 4180 naa

213 4218 240 4287 2)
259 4217 298 4272 of.
318 4217 394 4271 Patr.
415 4219 502 4286 apost.
523 4217 564 4270 ed.
585 4214 873 4271 cotelerius-Clericus
894 4214 959 4267 1724
978 4213 999 4277 Ι,
1021 4212 1078 4266 197.
1115 4209 1244 4276 Credner,
1264 4210 1314 4265 Ge-

141 4305 256 4360 schictte
274 4305 319 4360 des
337 4310 444 4360 uectat.
465 4305 567 4359 Κακοκ
589 4303 654 4359 1860
671 4321 698 4372 p.
718 4304 776 4358 241.
