2918 4890
176 243 219 307 56
531 235 701 294 conones
719 234 984 292 secessum

174 402 294 452 ἁπάντων
312 400 413 450 κλοπαί
431 403 581 465 γεννῶνται
616 396 642 448 2.
660 398 769 460 Τέκνον,
787 397 824 462 μή
842 400 916 463 γίνου
934 399 1075 463 γόγγυσος,
1093 397 1186 462 ἐπειδὴ
1204 396 1267 462 ἄγει
1284 397 1348 460 πρὸς

173 509 221 572 τήν
239 507 419 571 βλασφημίαν,
444 507 510 570 μηδὲ
535 504 655 569 αὐθάδης
680 504 748 568 μηδὲ
771 505 958 569 πονηρόφρων·
984 504 1018 553 ἐκ
1040 502 1091 568 γὰρ
1115 503 1210 552 τούτων
1228 503 1348 554 ἁπάντων

174 615 336 680 βλασφημίαι
357 617 504 679 γεννῶνται.
540 608 566 662 3.
585 608 655 660 Ἰσθι
674 611 704 660 δὲ
721 612 811 673 πραῦς,
830 610 919 674 ἐπειδὴ
940 614 1031 673 πραεῖς
1047 607 1272 674 κληρονομήσουσι
1292 601 1346 682 τὴν

175 710 333 796 βασιλείαν
360 719 422 773 τῶν
451 710 601 791 οὐρανῶν.
646 708 677 771 4.
703 716 778 766 roeo
796 715 974 780 μακρόθυμος
994 713 1119 779 ἐλεήμων,
1144 704 1346 790 είρηνυποιός,

147 817 319 897 υκαθαρός
349 825 387 898 τῇ
411 813 527 896 καρδίᾳ
554 813 617 875 ἀπό
640 814 757 886 παντός
779 819 901 889 κακοῦ,
926 822 1031 883 ἄκακος
1049 822 1223 887 καιηώχιος,
1243 821 1348 887 ἀγαθὸς

174 934 222 982 καί
244 921 413 1003 φυλάσσων
435 921 490 981 καί
511 931 612 994 τρέμων
629 929 690 990 τοῦς
700 927 807 992 λόγους,
826 926 872 988 οῦς
890 925 1016 989 ἡκουσας.
1053 926 1077 976 5.
1095 928 1151 992 Οῦχ
1176 928 1290 991 ὑψώσεις
1308 943 1348 978 σε·

176 1038 253 1088 αυτόν
271 1038 332 1086 οῦδὲ
350 1037 443 1097 δώσεις
459 1035 506 1100 τήν
525 1035 612 1100 ψυχήν
631 1048 679 1083 σου
698 1034 765 1097 μετὰ
782 1033 904 1097 ῦφηλῶν,
929 1033 1000 1082 ἀλλὰ
1022 1033 1086 1098 μετὰ
1111 1034 1219 1083 δικαίων
1241 1035 1289 1082 καί
1306 1049 1349 1083 τα·

175 1147 268 1192 πεινῶν
286 1142 481 1206 ἀναστραφήση.
518 1140 543 1192 6.
562 1141 603 1189 Τὰ
619 1141 649 1190 δὲ
667 1140 838 1202 συμβαίνοντά
856 1154 897 1189 σοι
915 1141 1080 1204 ἐνεργήματα
1103 1140 1139 1202 ώς
1158 1139 1253 1204 ἀγαθὰ
1270 1155 1348 1204 προσ-

175 1249 247 1312 όέξη,
266 1247 348 1306 εἰδώς,
368 1247 407 1295 ότι
425 1245 487 1309 ἄτερ
504 1245 569 1295 θεοῦ
588 1244 664 1294 οῦδὲν
683 1245 791 1308 γίνεται

138 1373 162 1406 ιο
262 1339 336 1406 XII.
375 1337 493 1424 Θωμᾶς
515 1341 614 1402 εἶπεν·
639 1349 753 1411 Τέκνον,
777 1349 821 1398 τόν
839 1348 973 1399 λαλοῦντα
992 1364 1032 1398 σοι
1055 1350 1099 1398 τόν
1118 1349 1201 1413 λόγον
1218 1354 1266 1400 τοῦ
1283 1350 1349 1400 θεοῦ

176 1449 231 1510 καί
253 1445 416 1528 παραίτιόν
439 1466 488 1507 σοι
510 1445 671 1529 γινόμενον
694 1453 749 1528 τῆς
773 1444 855 1528 ζωῆς
878 1446 933 1506 καί
956 1444 1049 1506 δόντα
1065 1466 1113 1507 σοι
1127 1448 1183 1529 τήν
1200 1445 1232 1507 ἐν
1250 1444 1347 1530 κυρίῳ

178 1551 335 1635 σφραγῖδα
351 1549 524 1634 ἀγαπήσεις
540 1549 582 1625 ὡς
598 1550 696 1634 κόρην
712 1549 880 1632 ὀφθαλμοῦ
898 1571 961 1632 σου,
978 1560 1105 1625 μνήσθητι
1123 1561 1153 1610 οὲ
1170 1561 1249 1611 αὑτοῦ
1267 1562 1348 1612 νοντα

177 1669 223 1717 καί
240 1666 348 1731 ἡμέραν,
366 1665 481 1730 τιμήσεις
499 1665 578 1714 αὐτόν
597 1665 632 1726 ὡς
651 1666 695 1714 τόν
710 1667 812 1729 κόριον·
832 1664 895 1715 ὅθεν
915 1665 966 1729 γὰρ
979 1666 996 1730 ἡ
1009 1668 1132 1732 κυριότης
1144 1665 1273 1730 λαλεῐται,
1292 1667 1349 1716 ἐκεῖ

176 1772 268 1835 κῦριός
286 1773 361 1822 ἐστιν.
397 1769 422 1821 2.
439 1767 613 1836 Ἐκζητήσεις
631 1771 661 1819 δὲ
679 1773 709 1820 τὸ
727 1772 865 1834 πρόσωπον
884 1761 980 1822 αὐτοῦ
999 1770 1064 1820 καθ’
1082 1773 1181 1837 ἡμέραν
1200 1762 1255 1822 καί
1277 1764 1348 1835 τοὺς

139 1895 164 1931 15
179 1868 305 1942 λοιποὺς
336 1868 460 1951 ἁγίους,
490 1879 532 1927 ἵνα
549 1877 719 1940 επαναπαῦση
743 1881 797 1937 τοῖς
816 1876 907 1943 λόγοις
925 1877 1023 1929 αὐτῶν·
1054 1865 1256 1948 κολλώμενος
1288 1868 1348 1950 γὰρ

178 1973 276 2057 ἁγίοις
300 1973 491 2058 ἁγιασθὴση.
536 1974 567 2038 3.
591 1971 738 2055 Τιμήσεις
761 1972 796 2034 δὲ
820 1972 925 2053 αὐτόν,
949 1971 1028 2035 καθ’
1050 1972 1066 2034 ό
1090 1971 1220 2046 δυνατὸς
1244 1973 1288 2054 εί,
1312 1972 1348 2035 ἐκ

177 2087 231 2141 τοῦ
256 2078 383 2159 ἱδρώτός
399 2100 456 2140 σου
479 2079 534 2140 καί
554 2077 592 2139 ἐκ
608 2083 662 2138 τοῦ
679 2074 776 2137 πόνου
792 2085 853 2140 τῶν
869 2086 983 2160 χειρῶν
999 2098 1073 2139 σου·
1097 2089 1120 2136 εί
1138 2087 1190 2152 γὰρ
1209 2076 1226 2139 ὁ
1241 2075 1348 2159 κύριος

178 2180 216 2245 δι’
238 2183 333 2245 αὐτοῦ
356 2181 470 2265 ἠξίωσέ
493 2204 540 2244 σοι
564 2181 696 2263 δοθῆναι
718 2192 895 2256 πνευματικὴν
919 2193 1016 2256 τροφὴν
1041 2194 1088 2240 καί
1110 2191 1189 2240 ποτόν
1213 2192 1261 2240 καὶ
1280 2192 1349 2256 ζωὴν

178 2296 290 2368 αἰώνιον,
314 2289 351 2348 σὺ
374 2286 507 2370 ὀφείλεις
522 2285 603 2349 πολὺ
619 2295 721 2361 μᾶλλον
737 2289 793 2370 τὴν
810 2287 955 2370 φθαρτὴν
971 2289 1026 2350 καί
1040 2286 1233 2369 πρόσκαιρον
1251 2307 1349 2369 προσ-

139 2417 164 2453 νο
178 2388 281 2472 φέρειν
304 2390 437 2474 τροφήν·
463 2400 536 2461 ἄξιος
553 2393 614 2474 γὰρ
638 2402 786 2467 οίργάτης
804 2400 859 2454 τοῦ
884 2393 1008 2475 μισθοῦ,
1032 2390 1086 2453 καί
1107 2391 1181 2477 βοῦν
1204 2390 1348 2454 ἀλοῶντα

178 2496 215 2557 οῦ
238 2493 393 2577 φιμώσεις,
417 2497 472 2558 καί
495 2496 594 2571 οὐδεὶς
617 2499 741 2580 φυτεύει
764 2497 936 2582 ἀμπελῶνα
958 2498 1013 2559 καί
1028 2496 1066 2559 ἐκ
1081 2504 1136 2559 τοῦ
1152 2504 1277 2579 καρποῦ
1294 2498 1348 2560 αὐ-

178 2608 233 2662 τοῦ
256 2601 316 2661 οὐκ
340 2600 447 2664 ἐσθίει.

265 2703 353 2770 ΧΠῙ.
391 2704 504 2790 Κηφᾶς
533 2709 634 2773 εἶπεν·
665 2720 701 2770 Οῦ
718 2721 835 2786 ποιήσεις
858 2721 999 2784 σχίσματα,
1025 2720 1183 2786 είρηνεόσεις
1208 2719 1238 2768 δὲ
1266 2733 1350 2784 μαχο-

178 2822 285 2885 μένους·
309 2827 404 2885 κρινεῖς
422 2824 543 2886 δικαίως,
567 2825 597 2874 οῦ
616 2825 689 2891 λήψη
713 2829 850 2890 πρόσωπον
873 2823 983 2890 ἐλέγξαι
997 2835 1064 2877 τινα
1087 2827 1131 2876 ἐπὶ
1155 2823 1350 2888 παραπτώματα

213 3056 237 3110 2.
267 3065 290 3112 1.
316 3056 415 3114 τέκνον
426 3075 449 3112 α
461 3058 519 3113 VO
539 3061 568 3114 et
578 3059 751 3115 versionibus
779 3060 916 3116 bonianus
934 3077 956 3114 e.
970 3061 1000 3113 14
1019 3059 1167 3122 indicaret,
1186 3075 1214 3113 se
1224 3058 1351 3116 Oenones

177 3146 289 3211 praeter
303 3145 334 3208 A,
347 3147 395 3214 qui
405 3147 479 3201 solus
489 3148 635 3216 praemisit
653 3148 752 3216 Ἰούδας
778 3148 976 3203 ecclesiasticos
987 3165 1044 3203 non
1053 3146 1178 3216 integros
1193 3146 1351 3215 tradidisse,

177 3225 261 3287 εἶπεν.
779 3237 826 3291 sed
845 3255 877 3291 ex
892 3235 1026 3291 Doctrina
1038 3234 1229 3304 apostolorum
1248 3251 1353 3292 eorrec-

212 3319 237 3370 3.
266 3327 290 3372 3.
318 3316 409 3391 ἐπειδὴ
427 3320 467 3385 V,
495 3341 550 3377 non
580 3321 639 3379 ἐπεί
662 3327 666 3389 Ι
692 3329 753 3394 κλη-
778 3327 839 3377 tum
858 3324 956 3385 fuisse,
978 3339 1041 3376 eum
1059 3321 1104 3376 hie
1123 3337 1264 3390 sequerer,
1290 3341 1352 3377 eum

178 3411 366 3480 ρονομήσοοοι
384 3425 404 3464 ο.
420 3408 442 3462 0
461 3410 514 3464 coll
533 3410 557 3463 A
569 3410 588 3464 G
600 3411 623 3463 D
637 3430 643 3464 :
656 3417 752 3485 κληρο-
779 3410 903 3478 cogitare
913 3409 1004 3471 liceat,
1021 3409 1114 3472 verba,
1128 3425 1200 3477 quoe
1212 3409 1242 3461 in
1252 3411 1351 3465 esteris

178 3502 294 3563 νομοῦοι
312 3494 337 3547 V
352 3494 357 3566 Ι
374 3505 398 3549 4.
417 3504 474 3552 τῶν
493 3495 617 3571 οὐρανῶν
633 3515 655 3552 e.
674 3497 751 3551 VA:
779 3496 897 3550 testibus
915 3495 1030 3562 desunt,
1056 3495 1091 3550 ob
1109 3495 1352 3553 homoeoteleuton

178 3589 228 3638 τοῦ
247 3587 317 3638 θεοῦ
334 3581 372 3648 Ο,
398 3588 448 3654 τήν
464 3597 516 3656 νην
539 3603 590 3655 pro
615 3592 663 3659 τὴν
680 3593 705 3660 β.
727 3607 751 3642 τ.
778 3581 917 3636 excidisse.
941 3581 983 3635 Ob
1001 3581 1082 3636 illam
1096 3585 1192 3637 autem
1210 3582 1350 3641 rationem

179 3667 237 3743 οόρ.
256 3668 276 3723 G
296 3670 319 3723 D
778 3670 826 3724 hos
845 3671 930 3724 testes
948 3669 1072 3724 deserere
1091 3688 1147 3725 non
1165 3672 1261 3729 audeo.

213 3757 237 3810 4.
259 3767 281 3813 t.
300 3755 356 3817 ἀπό
377 3759 483 3826 παντὸς
503 3769 590 3816 κακοῦ
615 3777 637 3816 e.
652 3759 749 3814 VAC:
812 3756 874 3823 XII,
885 3759 906 3810 1.
918 3767 944 3810 11
955 3763 1250 3835 εςηααίτιαραιτίον-
1263 3785 1351 3839 σφρα-

178 3864 222 3902 om
242 3845 264 3901 Ο
777 3852 839 3919 γῖδα
859 3848 887 3900 et
900 3851 1021 3919 τιμήσεις
1034 3879 1060 3886 -
1075 3848 1141 3905 καθ’
1154 3849 1259 3925 ἡμέραν
1277 3858 1313 3916 (v.
1325 3853 1353 3922 2)

213 3937 235 3989 5.
267 3942 288 3990 ί.
324 3933 600 4008 δώσεις-ὑψηλῶν
624 3952 645 3989 e.
663 3933 750 3988 VAS
777 3953 821 3990 om
839 3933 897 4005 ΜΙ
927 3945 965 3990 12.
983 3939 1121 4007 μνήσθητι
1143 3954 1165 3991 e.
1183 3937 1352 4010 ἾΜτμνη-

177 4019 230 4074 eol]
251 4022 291 4075 O:
310 4020 407 4090 δώσεις
430 4027 464 4094 τῇ
483 4026 558 4096 ψυχῇ
575 4044 626 4080 σου
644 4022 751 4098 θράσος
777 4027 869 4095 οθήομ
882 4021 948 4092 ott)
960 4022 1080 4078 editores
1100 4055 1131 4064 -
1151 4023 1301 4097 ἀγαπήσεις
1313 4023 1352 4094 ὣς

179 4107 240 4165 οὐδὲ
264 4115 423 4183 κολληθήοη
448 4115 482 4183 τῇ
504 4114 578 4185 ψυχῇ
601 4130 653 4167 σου
679 4110 750 4179 μετὰ
762 4100 764 4223 φ
776 4113 862 4184 κόρην
874 4110 943 4183 ὀρθ.
963 4111 1024 4182 σου]
1043 4111 1127 4165 Bern.
1149 4114 1188 4175 19,
1208 4113 1231 4165 9.

178 4195 331 4271 ὑψηλῶνθ
360 4200 392 4253 of.
412 4199 444 4255 D.
482 4199 543 4253 Nisi
565 4197 649 4254 codex
671 4198 764 4268 Otto-5
812 4201 835 4252 2.
858 4196 1351 4271 15,ἐπαναααοθῇςο,ίναέιιαναιι.
