2918 4890
188 371 218 435 X
629 367 912 424 PROLEGOMENA.

191 527 341 592 Harnack
365 528 484 608 attulit,
509 528 556 591 vis
579 548 784 611 magnanon
807 531 854 590 est
877 527 1088 592 attribuenda.
1136 528 1225 604 Quod
1241 531 1280 594 ad
1295 534 1362 594 ter-

190 633 269 696 tiam
292 634 458 717 praecipue
483 633 628 710 attinet‚'
645 633 788 715 equidem
818 653 882 695 non
907 632 1080 715 perspicio,
1111 655 1166 696 cur
1196 634 1265 698 fieri
1295 656 1361 697 non

188 738 337 820 potuerit,
361 741 397 800 ut
419 738 501 800 circa
518 759 636 800 annum
656 737 717 800 loc
734 735 849 819 aliquis
865 736 962 800 finem
977 737 1087 800 mundi
1102 738 1363 821 propinquiorem

189 864 257 905 esse
278 845 385 924 putet,
417 864 511 924 quam
544 841 667 924 aliquot
696 841 786 904 annis
819 844 921 904 antea.
966 840 1053 916 Quae
1087 842 1255 926 respiciens
1277 840 1362 904 Doc-

188 945 306 1009 trinam
323 944 488 1009 Barnabae
509 944 645 1028 epistula
661 944 799 1027 priorem
815 966 881 1008 esse
896 945 1003 1008 censui
1027 944 1060 1027 ¹).
1098 945 1186 1010 Idem
1209 945 1363 1009 iudicium

188 1049 331 1112 tulerunt
345 1048 489 1131 plerique
505 1047 569 1125 alii,
588 1069 723 1131 quorum
737 1047 866 1110 nomina
879 1047 964 1111 infra
979 1071 1004 1112 c.
1021 1045 1050 1110 V
1063 1053 1362 1113 commemorantur.

191 1151 349 1217 Nonnulli
371 1152 554 1216 Barnabam
581 1156 613 1215 et
644 1156 804 1216 auctorem
827 1151 999 1216 Doctrinae
1028 1175 1045 1216 e
1077 1153 1173 1217 tertia
1204 1154 1364 1236 scriptura

189 1260 342 1339 tanquam
373 1256 462 1320 fonte
484 1256 642 1320 communi
665 1256 815 1320 hausisse.
862 1257 1019 1340 Equidem
1046 1259 1184 1321 rationes
1216 1280 1281 1321 uon
1310 1257 1363 1320 in-

174 1361 300 1440 ·veni0‚
336 1383 416 1444 quae
446 1383 503 1424 nos
526 1361 716 1443 impediant,
749 1361 824 1444 quin
850 1361 1026 1425 doctrinam
1053 1362 1091 1425 de
1114 1362 1235 1425 duabus
1259 1361 1318 1425 riis
1344 1384 1364 1424 a

192 1464 340 1528 Bamaba
372 1465 523 1528 traditam
553 1487 591 1528 ex
614 1465 767 1528 Doctrina
790 1464 1005 1548 apostolorum
1031 1469 1140 1529 nostra
1162 1466 1289 1530 fluxisse
1311 1467 1364 1528 iu-

191 1569 338 1633 dicemus.
377 1568 567 1652 ceteroquin
589 1570 627 1633 de
648 1570 709 1633 hac
723 1592 757 1633 re
779 1570 864 1633 infra
886 1591 911 1633 c.
929 1566 959 1631 V
983 1571 1158 1634 accuratius
1182 1569 1361 1652 disputabo.

276 1672 354 1736 Post
378 1673 545 1755 epistulam
561 1673 728 1738 Barnabae
751 1674 887 1758 vestigia
902 1673 1074 1738 Doctrinae
1096 1676 1311 1759 apostolorum
1327 1673 1363 1735 in

191 1777 370 1842 Hermae
393 1777 572 1842 Pastore
594 1779 809 1843 inveniuntur.
848 1778 885 1842 ln
908 1778 1060 1843 Mandato
1075 1777 1122 1842 XI
1145 1779 1182 1842 de
1197 1777 1364 1862 prophetis

192 1903 289 1966 agens
313 1882 448 1946 Hermas
476 1882 610 1947 fortasse
633 1882 819 1947 Doctriuam
845 1885 896 1964 ll,
920 1884 1026 1947 7-12
1055 1883 1089 1946 in
1109 1887 1215 1948 mente
1236 1882 1361 1947 habuit.

193 1985 231 2049 In
254 1987 407 2050 Mandato
429 1985 518 2065 VIII,
543 1988 562 2050 5
593 1988 757 2071 catalogus
789 1993 989 2071 peccatorum
1019 1988 1154 2072 legitur,
1187 1988 1241 2070 qui
1268 1987 1365 2050 facile

192 2091 378 2155 Doctrinam
402 2094 431 2171 5,
454 2093 470 2155 1
496 2091 546 2155 vel
569 2092 810 2175 descriptionem
833 2093 902 2156 riae
926 2093 1028 2156 malae
1045 2093 1079 2155 in
1103 2093 1288 2157 memoriam
1310 2082 1382 2155 re?

185 2192 290 2262 'vocet
335 2196 373 2261 In
389 2197 521 2262 Visione
543 2194 685 2276 111,4,3
709 2195 844 2260 Hermas
867 2202 1093 2262 commemorat
1115 2200 1186 2271 τοὺς
1210 2196 1363 2278 διψὺχους

190 2303 261 2375 τοὺς
286 2300 556 2384 διαλογιζομένους
581 2301 612 2362 ἐν
635 2309 701 2374 ταῖς
724 2300 866 2383 καρδίαις
889 2303 1001 2384 αὐτῶν,
1025 2303 1051 2364 εἰ
1074 2305 1136 2385 ἄρα
1158 2303 1238 2364 ἔστιν
1261 2306 1363 2362 ταῦτα

189 2407 209 2487 ἤ
234 2406 293 2466 οὐκ
317 2406 408 2482 ἔστιν,
432 2427 503 2468 cum
526 2405 679 2469 Doctrina
702 2407 772 2486 4,4
794 2407 928 2472 habeat:
952 2409 988 2470 οὐ
1012 2407 1202 2492 διψυχήσεις,
1226 2405 1363 2487 πότερον

190 2508 275 2570 ἔσται
298 2516 396 2570 ταῦτα
417 2510 438 2592 ἢ
464 2510 510 2573 οὔ.
546 2508 622 2573 Non
644 2511 770 2593 quidem
787 2516 908 2575 certum
930 2535 996 2576 esse
1019 2512 1160 2590 dixerim,
1187 2512 1270 2574 locos
1285 2509 1362 2573 illos

190 2634 207 2676 e
229 2612 383 2676 Doctrina
406 2615 590 2696 repetendos
613 2637 695 2694 esse,
728 2637 799 2679 cum
821 2617 941 2699 priores
964 2618 1026 2681 duc
1049 2617 1213 2681 nonsatis
1236 2614 1362 2678 definiti

190 2717 273 2796 sint,
306 2718 459 2782 secundus
490 2722 521 2782 et
549 2719 662 2783 tertius
692 2720 787 2785 etiam
819 2721 853 2784 in
877 2721 1043 2785 Barnabae
1066 2721 1202 2804 epistula
1225 2721 1360 2782 exstent.

191 2822 344 2886 Attamen
368 2823 575 2905 probabiliter
597 2823 751 2887 Doctrina
774 2847 882 2889 eorum
904 2826 975 2889 fons
999 2830 1146 2909 putatur,
1175 2829 1270 2907 atquc
1293 2844 1362 2885 cer-

191 2925 254 2990 tius
278 2929 334 3006 cst,
358 2927 547 2992 Mandatum
562 2926 605 3008 ΙΙ,
622 2930 708 2992 4-5
731 2951 769 2993 ex
785 2929 844 2994 hac
860 2931 1018 3015 scriptura
1036 2931 1114 3010 1‚5;
1137 2929 1198 3007 4‚7
1223 2927 1362 2990 fluxisse.

189 3029 263 3093 Loci
286 3031 320 3094 hi
343 3036 435 3096 sunt:

405 3187 546 3243 Doctrina.
1021 3189 1128 3244 Pastor.

225 3290 298 3351 4,7;
331 3293 374 3342 Οὐ
406 3296 601 3360 διατάσεις
631 3301 775 3350 δοῦναι
824 3298 904 3347 Πᾶσιν
928 3298 1121 3360 δστερουμένοις
1147 3292 1361 3354 δίδουάτλῶς,

190 3380 250 3429 οὐδὲ
267 3380 356 3440 διδοὺς
375 3385 523 3447 γογγὺσεις.
563 3382 585 3445 l,
607 3385 637 3437 5:
657 3386 762 3436 Παντὶ
788 3385 828 3448 μὴ
847 3385 1026 3447 διστάζων,
1051 3385 1117 3432 τίνι
1135 3385 1196 3446 δῷς
1219 3382 1236 3444 ἢ
1262 3383 1307 3429 τίνι
1326 3379 1362 3443 μὴ

189 3472 224 3530 τῷ
243 3469 353 3516 αἰτοῦντί
366 3482 395 3517 σε
412 3470 517 3519 δίδου
535 3473 582 3520 καί
596 3472 631 3535 μὴ
645 3471 761 3521 ἀπαίτει·
788 3472 852 3534 dmg·
866 3471 1147 3521 πάσινδίδου·πάσιν
1166 3469 1230 3534 γάρ
1249 3470 1263 3517 δ
1282 3469 1362 3529 θεὸς

189 3559 278 3603 πᾶσι
305 3555 373 3619 γάρ
401 3555 510 3607 θέλει
537 3557 720 3608 δίδοσθαι
747 3559 762 3607 δ
788 3557 951 3607 δίδοσθαι
978 3556 1079 3606 θέλει
1117 3557 1154 3606 ἐκ
1180 3559 1243 3605 τῶν
1267 3557 1361 3605 ἰδίων

188 3641 310 3705 πατὴρ
342 3643 387 3692 ἐκ
413 3646 482 3692 τῶν
508 3645 613 3695 ἰδίων
643 3660 761 3710 χαρισ·
789 3645 1005 3709 δωρημάτων.
1047 3642 1078 3692 Οἱ
1108 3637 1152 3693 οὖν
1188 3643 1363 3707 λαμβάνοντες

190 3730 318 3794 μάτων.
355 3729 493 3794 Μακάριος
511 3733 526 3780 δ
544 3732 674 3793 διδοὺς
692 3732 762 3782 κατὰ
789 3731 1027 3781 ἀποδώσουσιν
1046 3730 1147 3795 λόγον
1166 3734 1201 3793 τῷ
1219 3728 1288 3792 θεῷ,
1308 3729 1362 3779 διά

187 3816 234 3881 τὴν
259 3816 380 3881 ἐντολὴν·
407 3818 529 3878 ἀθῶος
552 3818 618 3883 γάρ
645 3819 760 3869 ἐστιν’
788 3820 816 3867 τί
839 3818 961 3880 ἔλαβον
984 3819 1041 3867 καί
1066 3819 1113 3878 είς
1137 3819 1179 3866 τί·
1203 3817 1290 3880 οἱμὲν
1310 3818 1362 3882 γάρ

189 3905 248 3954 οὐαί
265 3909 301 3969 τῷ
319 3904 485 3969 λαμβάνοντι·
505 3907 528 3956 εἰ
548 3906 593 3969 μὲν
607 3905 659 3970 γάρ
671 3907 761 3970 χρείαν
789 3901 964 3968 λαμβάνοντες
982 3904 1132 3968 θλιβόμενοι
1147 3904 1176 3952 οὐ
1189 3901 1362 3966 δικασθίισον-

191 3993 261 4058 ἔχων
279 3990 403 4056 λαμβάνει
421 4007 465 4054 τις,
484 3992 574 4053 ἀθῶος
592 3993 677 4042 ἔσται·
700 3993 715 4041 ὁ
733 3993 761 4042 δὲ
773 4027 776 4074 ρ
788 4006 837 4053 ται,
856 3994 881 4040 οἱ
899 3994 928 4042 δὲ
940 3993 967 4041 ἐν
979 3993 1111 4055 ὑποκρίσει
1127 3991 1301 4054 λαμβάνοντες
1319 3993 1361 4039 τί·

189 4169 397 4176 u———

263 4303 287 4372 l)
310 4303 494 4374 Ibeoloyc'scbe
513 4301 723 4372 Quumbcbrr'ft
745 4300 812 4354 1884
831 4319 856 4370 p.
877 4304 1032 4366 397-401;
1053 4304 1119 4359 1887
1138 4321 1165 4373 p.
1184 4302 1331 4358 278-281.
