2918 4890
138 290 311 357 XXXVIII
581 287 863 343 Paocacouani.
888 271 890 274 ‘

228 450 315 527 Quae
338 473 409 513 cum
432 449 479 513 ita
501 448 583 527 sint,
608 446 701 533 Syria
724 448 774 512 vel
797 447 978 513 Palaestina
999 448 1210 535 probabiliter
1230 447 1312 512 Doc-

142 558 245 620 trinae
267 556 371 641 patria
394 555 557 619 habendae
579 558 663 618 sunt.
710 552 802 637 Syria
825 554 894 619 ideo
917 554 1124 639 praeferenda
1146 575 1213 616 esse
1228 551 1313 615 vide·

143 667 206 739 tur,
230 660 305 744 quia
327 659 484 742 scriptura
499 659 637 723 orationi
652 659 783 723 Domini
804 659 868 724 iam
884 661 1086 745 doxologiam
1103 658 1211 735 adicit,
1235 679 1314 740 quae

144 768 177 830 in
201 766 257 829 illa
281 769 366 828 terra
389 765 545 848 originem
569 763 718 828 habuisse
733 769 885 830 censetur.
927 763 1126 828 Palaestinae
1142 785 1216 827 vero
1232 762 1317 826 favet

143 874 239 953 caput
261 867 358 948 VIII,
391 870 446 932 ubi
468 874 596 948 auctor,
627 869 810 954 hypocritas
841 870 890 934 vel
920 869 1107 933 Pharisaeos
1136 867 1316 951 respiciens,

145 975 263 1039 medios
287 974 370 1038 inter
393 972 525 1038 ludaeos
548 995 582 1038 se
604 996 670 1039 esse
693 975 809 1057 prodit.

697 1167 770 1220 VIII.

233 1291 282 1356 De
305 1291 390 1355 fide
413 1291 551 1356 auctoris
585 1291 634 1356 vel
659 1313 720 1374 qno
744 1292 855 1355 tendat
877 1293 1052 1377 scriptura,
1075 1291 1193 1356 iudicia
1216 1291 1320 1354 diver·

147 1396 270 1460 sissima
292 1396 377 1460 facta
399 1399 482 1460 sunt.
523 1397 643 1460 Auctor
659 1400 690 1459 et
706 1395 894 1460 Christianis
908 1419 925 1461 e
939 1396 1063 1460 ludaeis
1080 1400 1111 1460 et
1130 1394 1319 1460 Christianis

149 1501 354 1585 egentilibus
376 1504 408 1564 et
434 1500 594 1564 Ebionitis
621 1500 787 1565 haereticis
812 1501 1036 1566 adnumeratus
1060 1505 1116 1565 est.
1162 1500 1224 1564 Hic
1249 1521 1320 1564 eum

151 1603 316 1669 Gnosticos
340 1609 371 1668 et
386 1604 608 1683 Montanistaa
631 1604 686 1668 ille
702 1627 773 1669 eum
789 1605 922 1670 Paulum
939 1606 1117 1690 apostolum
1133 1604 1323 1690 impugnare

149 1710 290 1792 putavit,
323 1710 437 1774 tertius
464 1710 497 1773 in
528 1731 565 1771 ea
596 1709 731 1793 vestigia
755 1709 962 1774 Montanismi
985 1711 1127 1774 invenire
1150 1710 1212 1773 sibi
1236 1709 1321 1773 visus

153 1819 209 1878 est.
257 1815 323 1877 Alii
347 1814 439 1878 aliter
461 1818 658 1878 censuerunt.

240 1919 426 1983 Doctrinam
451 1917 609 1983 Gnosticis
632 1923 663 1982 et
686 1918 892 1983 Montanistis
921 1919 1081 1983 adversari
1112 1918 1214 1983 editor
1234 1918 1324 2001 prin-

154 2046 225 2107 ceps
250 2023 389 2108 (Proleg.
413 2024 431 2106 ἐ
447 2021 489 2107 δ’)
514 2047 530 2087 e
545 2023 691 2105 pluribus
707 2023 783 2086 locis
799 2022 948 2107 colligere
964 2024 1074 2087 voluit.
1114 2022 1201 2097 Quae
1216 2025 1323 2086 autem

152 2129 186 2191 in
209 2131 300 2211 parte
323 2129 496 2212 scripturae
519 2128 624 2212 priore
647 2123 696 2191 vel
718 2127 875 2209 capitibus
892 2126 999 2191 I-VI
1021 2129 1180 2212 leguntur,
1204 2149 1324 2210 nequa·

154 2255 249 2316 quam
274 2232 313 2296 ad
335 2254 387 2297 eos
406 2232 491 2296 inter
514 2230 679 2296 Gnosticos
703 2231 865 2296 referenda
888 2235 973 2308 sunt,
997 2233 1052 2316 qui
1075 2233 1178 2315 legem
1192 2231 1254 2296 Dei
1276 2229 1326 2295 vel

153 2341 320 2420 praecepta
342 2336 493 2420 Decalogi
516 2338 636 2401 solvere
659 2336 838 2400 studebant.
877 2337 998 2401 Auctor
1021 2338 1054 2401 in
1076 2338 1137 2401 hac
1154 2340 1245 2420 parte
1268 2357 1325 2398 ne·

154 2441 271 2505 minem
294 2443 472 2526 impugnat,
499 2442 552 2506 aed
576 2441 761 2525 simpliciter
783 2463 938 2506 summam
956 2443 1117 2506 doctriuae
1133 2441 1325 2505 christianae

155 2546 284 2609 moralis
307 2545 446 2629 exponit.
492 2545 605 2629 Neque
628 2546 724 2609 verba
747 2546 922 2629 scripturae
945 2547 982 2610 de
1006 2548 1068 2611 alia
1084 2547 1237 2624 doctrina,
1261 2568 1325 2629 qua

155 2651 319 2735 proposIta
341 2650 533 2714 dissolvatur
555 2651 620 2733 (11,
638 2651 682 2731 2),
706 2649 756 2713 vel
779 2651 816 2715 de
828 2651 1110 2735 pseudoprophetis
1135 2651 1174 2713 ad
1198 2649 1326 2713 Monta-

155 2756 255 2819 nistas
285 2755 449 2820 referenda
475 2759 558 2819 sunt.
604 2754 712 2818 Verba
734 2755 792 2818 illa
815 2755 910 2820 scribi
933 2758 1123 2839 potuerunt,
1156 2758 1327 2838 antequam

154 2860 327 2925 Montanus
350 2859 527 2924 doctrinam
550 2881 639 2924 suam
671 2859 770 2923 edidit
799 2865 830 2925 et
861 2861 1035 2944 prophetae
1060 2859 1328 2923 Montanistarum

155 2965 354 3030 exstiterunt.

244 3069 310 3134 Nec
334 3069 452 3133 maiore
475 3068 543 3133 iure
566 3067 684 3134 Paulus
716 3071 749 3134 in
773 3071 928 3136 Doctrina
954 3069 1137 3154 impugnari
1160 3069 1276 3132 dicitur
1293 3065 1328 3152 ¹).

159 3174 207 3237 Ad
224 3195 381 3237 summum
398 3172 545 3237 contendi
560 3177 675 3256 potest,
700 3174 738 3237 de
754 3175 881 3238 edendis
896 3174 1069 3237 immolatis
1087 3173 1330 3237 simulacrorum

157 3280 317 3340 auctorem
345 3277 389 3355 (6,
406 3278 440 3358 3)
464 3276 557 3341 aliter
575 3277 714 3341 iudicare
730 3301 826 3361 quam
842 3279 1022 3361 apostolum
1039 3276 1054 3341 I
1069 3277 1139 3342 (lor.
1158 3278 1275 3354 8-10,
1299 3282 1330 3341 et

157 3404 197 3444 ne
220 3381 281 3443 hoc
305 3379 431 3462 quidem
455 3384 576 3443 certum
599 3385 657 3459 est,
682 3404 752 3445 cum
776 3381 868 3446 Pauli
891 3383 1049 3446 sententia
1071 3383 1257 3467 diligentius
1279 3381 1330 3444 in·

160 3484 319 3568 vestigata
335 3507 353 3547 a
369 3484 493 3547 decreto
509 3485 725 3567 apostolorum
739 3485 969 3568 Hierosolymis
985 3490 1252 3570 congregatorum
1267 3507 1330 3549 non

157 3589 207 3654 vel
230 3588 407 3673 paullulum
431 3593 557 3653 tantum
580 3589 743 3675 divergere
768 3590 921 3654 videatur.

247 3693 432 3758 Doctrinam
460 3693 621 3758 Ebionitis
653 3696 703 3759 vel
733 3695 970 3760 Monarchianis
1002 3695 1237 3759 attribuendam
1267 3715 1333 3758 esse

160 3799 372 3881 Krawutzcky
384 3795 411 3880 2)
427 3797 500 3862 inde
514 3799 603 3882 sequi
619 3802 755 3884 putavit,
772 3802 856 3885 quod
871 3823 974 3885 neque
989 3801 1092 3885 operis
1108 3800 1333 3883 redemptionis

233 3975 259 4041 l)
279 3971 336 4026 Hoc
355 3970 499 4025 contendit
518 3970 625 4026 Sadler.
657 3971 782 4027 Charton
802 3972 832 4026 in
850 3972 990 4042 scriptura
1004 3972 1160 4027 nonsolum
1174 3970 1333 4026 doctrinam

160 4058 304 4114 doctrinae
324 4056 405 4111 Pauli
430 4057 641 4122 adversantem,
667 4059 715 4112 sed
738 4058 825 4114 etiam
843 4058 1014 4113 haereticam
1038 4061 1067 4113 et
1090 4058 1336 4112 Sadducaeismum

159 4145 315 4214 sapientem
335 4145 462 4201 invenire
483 4144 581 4200 voluit.
618 4146 657 4200 cf.
678 4145 774 4200 Schaff
789 4163 817 4214 p.
838 4148 887 4201 1‘25
906 4150 965 4199 not.

233 4234 261 4302 2)
282 4234 404 4304 lbcoloq.
426 4233 638 4304 Quartalacbraft
657 4233 725 4288 1884
745 4251 772 4302 p.
792 4233 940 4290 tal-585.
