2918 4890
180 344 221 406 90
610 337 921 394 CONSTITUTIONES

180 499 389 574 ἀναστάσεως.
435 501 464 566 3.
488 496 547 562 Ἓν
568 500 603 562 δέ
629 500 721 584 μόνον
750 500 905 586 σάββατον
933 500 1002 585 ὑμῖν
1028 501 1207 584 φυλακτέον
1235 504 1267 567 έν
1290 502 1354 587 όληι

179 614 222 689 τῷ
247 607 388 689 ἐνιαυτῷ,
411 605 446 666 τό
469 613 524 689 τής
547 613 602 668 τού
625 606 735 691 κυρίου
759 616 874 690 ταφής,
902 608 978 690 όπερ
1002 607 1160 692 νηστεύειν
1182 618 1355 692 προσῆκεν,

179 707 250 772 ἀλλ’
273 711 333 793 οὐχ
356 709 530 792 ἑορτάζειν·
555 710 586 773 ἐν
610 713 673 796 ὅσῳ
697 715 759 795 γάρ
783 712 799 774 6
824 712 1011 796 δημιουργός
1036 713 1096 776 ὐπὸ
1120 723 1179 799 γήν
1194 714 1354 799 τυγχάνει,

180 815 380 900 ἰσχυρότερον
403 816 439 878 τό
462 818 533 897 περί
556 817 652 880 αὐτοῦ
675 817 793 892 πένθος
816 826 871 902 τῆς
894 819 978 880 κατά
994 820 1051 902 τήν
1068 818 1271 903 δημιουργίαν
1294 839 1355 902 χα-

153 931 253 1004 τράς,
283 921 328 982 ότι
352 920 368 982 6
393 921 580 1006 δημιουργός
602 932 664 987 τῶν
687 921 802 986 ἑαυτοῦ
826 921 1107 1006 δημιουργημάτων
1131 923 1221 1005 φύσει
1242 945 1277 987 τε
1299 926 1355 987 καί

179 1024 250 1109 ἀξίᾳ
272 1023 461 1108 τιμιώτερος.

265 1129 382 1196 XXIV.
419 1129 518 1195 Ὅταν
541 1144 571 1195 δέ
588 1142 785 1209 προσεύχησθε,
810 1143 845 1208 μὴ
874 1131 1001 1217 γίνεσθε
1028 1145 1064 1207 ῶς
1082 1148 1106 1195 οῖ
1124 1145 1270 1208 ὑποκριταί,
1290 1141 1355 1195 ἀλλ’

178 1246 214 1308 ῶς
232 1248 246 1296 6
264 1247 356 1310 κύριος
373 1237 445 1321 ἡμῖν
469 1248 497 1297 ἐν
515 1253 551 1312 τῷ
563 1249 713 1315 εὐαγγελίῳ
726 1250 868 1314 διετάξατο,
887 1250 955 1301 οὐτω
967 1250 1162 1317 προσεύχεσθε·
1181 1252 1268 1315 Πάτερ
1280 1251 1354 1317 ήμῶν

178 1364 192 1411 6
212 1363 240 1413 ἐν
258 1368 312 1424 τοῖς
324 1363 452 1426 οὐρανοῖς,
472 1362 625 1429 ἁγιασθήτω
636 1364 666 1414 τό
679 1363 761 1429 ὄνομά
770 1375 832 1414 σου·
851 1363 955 1414 ἐλθέτω
968 1365 985 1431 6
999 1365 1119 1428 βασιλεία
1132 1381 1194 1416 σου·
1213 1364 1353 1432 γενηθήτω

140 1465 164 1500 1⁰
176 1469 206 1518 τό
225 1467 333 1533 θέλημά
351 1483 398 1518 σου
418 1467 454 1530 ῶς
472 1469 500 1518 ἐν
519 1468 621 1533 οὐρανῷ
639 1471 686 1518 καί
705 1469 747 1519 ἐπί
765 1473 813 1534 τῆς
830 1473 894 1536 γῆς·
911 1471 956 1521 τὸν
974 1471 1050 1535 ἄρτον
1069 1470 1142 1536 ήμῶν
1159 1471 1203 1521 τόν
1221 1470 1353 1520 ἐπιούοτον

178 1573 224 1634 δός
242 1572 301 1638 ἡμῖν
320 1574 442 1638 σήμερον·
462 1574 510 1623 καί
528 1572 595 1636 ἀφες
612 1573 672 1639 ἡμῖν
690 1574 723 1624 τά
741 1574 906 1639 ὀφειλήματα
923 1574 1009 1640 ήμῶν,
1033 1575 1069 1637 ῶς
1086 1577 1133 1626 καί
1151 1575 1227 1641 ἡμεῖς
1245 1577 1354 1641 ἀφίεμεν

177 1683 232 1739 τοῖς
250 1679 400 1742 ὀφειλέταις
418 1679 503 1744 ήμῶν·
522 1680 569 1729 καί
587 1679 622 1744 μή
641 1681 794 1746 είσενέγκης
812 1682 882 1747 ήμᾰς
895 1682 933 1742 είς
944 1683 1094 1746 πειρασμόν,
1114 1681 1186 1732 ἀλλὰ
1197 1684 1272 1746 ῥῶσαι
1285 1683 1355 1747 ἡμᾶς

179 1784 231 1834 ἀπό
249 1788 295 1834 τού
313 1787 442 1848 πονηροῦ·
468 1785 508 1835 ότι
525 1787 573 1834 σού
591 1785 657 1835 ἐστιν
675 1775 695 1859 ἡ
719 1774 859 1860 βασιλεία
882 1776 936 1836 καί
960 1784 977 1849 6
999 1785 1104 1850 δύναμις
1127 1787 1173 1836 καί
1196 1786 1213 1851 6
1232 1788 1297 1848 δόξα
1316 1788 1353 1848 είς

178 1890 239 1951 τούς
258 1892 366 1951 αίῶνας·
387 1879 478 1964 ἀμήν.
526 1881 554 1942 2.
577 1890 638 1955 Τρίς
649 1894 697 1956 τῆς
709 1891 808 1957 ἡμέρας
820 1890 888 1941 οὐτω
901 1891 1089 1957 προσεύχεσθε,
1110 1901 1354 1964 προπαρασκευ-

141 2006 164 2041 ιτ
179 1985 306 2062 άξοντες
331 1983 461 2058 ἑαυτοὺς
484 1983 588 2062 ἀξίους
610 1994 666 2069 τῆς
688 1985 847 2061 υἱοθεσίας
870 1993 925 2049 τού
942 1987 1070 2068 πατρός,
1093 1989 1143 2051 ἵνα
1160 1990 1201 2071 μή
1220 1986 1354 2065 ἀναξίως

178 2090 263 2173 ὑμῶν
287 2091 381 2153 αὐτόν
404 2087 525 2171 πατέρα
547 2090 729 2154 καλούντων
753 2091 947 2176 όνειδισθήτε
973 2089 1024 2154 ὑπ’
1046 2093 1160 2172 αὐτοῦ,
1192 2091 1234 2166 ὡς
1258 2093 1313 2154 καί
1336 2091 1353 2153 6

177 2192 305 2279 Ἰσραὴλ
321 2196 337 2257 6
353 2215 430 2289 ποτε
446 2193 648 2276 πρωτότοκος
672 2194 737 2268 υίός
759 2196 906 2278 ήκουσεν,
930 2197 976 2258 ότι
1008 2194 1047 2258 Εἰ
1074 2195 1178 2280 πατήρ
1202 2197 1263 2280 είμι
1279 2195 1353 2280 ἐγώ,

177 2308 237 2363 πού
261 2301 342 2363 ἔστιν
361 2301 385 2385 ’ή
409 2299 486 2378 δόξα
509 2320 586 2383 μου,
610 2301 665 2362 καί
688 2301 714 2363 εί
737 2300 844 2384 κύριός
860 2301 928 2384 εἰμι,
951 2308 1013 2365 πού
1029 2302 1110 2364 ἔστιν
1126 2301 1143 2363 6
1159 2301 1256 2388 φόβος
1274 2322 1350 2386 μου;

177 2408 206 2469 3.
232 2404 315 2482 Δόξα
338 2407 400 2489 γὰρ
423 2403 567 2490 πατέρων
591 2405 713 2491 ὁσιότης
735 2406 855 2469 παίδων
878 2409 932 2470 καί
955 2410 1027 2492 τιμὴ
1044 2407 1203 2470 δεσποτῶν
1220 2407 1351 2471 οἰκετῶν

139 2529 164 2566 2⁰
178 2511 284 2597 φόβος,
308 2513 414 2595 ὥσπερ
439 2511 492 2574 οὖν
516 2514 551 2574 τό
575 2512 712 2575 ἐναντίον
734 2511 844 2590 ἀδοξία
867 2515 921 2576 καί
944 2511 1098 2596 ἀναρχία·
1123 2510 1168 2574 Δι’
1183 2512 1263 2595 ὑμᾶς
1279 2512 1351 2595 γάρ,

177 2617 260 2701 φησί,
285 2619 320 2679 τό
344 2617 442 2700 όνομά
465 2638 523 2701 μου
547 2616 775 2703 βλασφημεῖται
797 2618 829 2681 ἐν
852 2627 915 2692 τοῖς
939 2617 1053 2682 έθνεσι.

263 2720 366 2786 XXV.
405 2719 536 2784 Γίνεσθε
559 2722 594 2785 δέ
614 2722 748 2786 πάντοτε
764 2723 951 2806 εὐχάριστοι,
976 2721 1018 2795 ῶς
1033 2723 1135 2784 πιστοί
1157 2721 1212 2782 καί
1236 2719 1352 2802 εὐγνῶ-

178 2848 267 2910 μονες
291 2827 411 2911 δοῦλοι,
436 2841 494 2903 περὶ
520 2830 574 2913 μὲν
599 2843 648 2904 τῆς
666 2840 830 2905 εὐχαριστίας
849 2839 914 2887 οὐτιυ
935 2838 1072 2904 λέγοντες·
1098 2835 1122 2887 2.
1142 2836 1352 2902 Εὐχαριστούμέν

176 2960 224 3008 σοι,
243 2946 323 3008 πάτερ
341 2945 422 3011 ήμῶν,
441 2947 504 3009 ὑπὲρ
523 2945 594 3010 ξωής
612 2939 645 3009 ἧς
664 2945 807 3010 ἐγνῶρισας
825 2944 885 3008 ήμῖν
905 2943 949 2993 διά
961 2941 1048 3008 Ἰησού
1065 2946 1117 2993 τού
1129 2942 1223 3003 παιδός
1241 2956 1296 3002 σου,
1315 2927 1354 2994 δι’

138 3053 163 3091 ²⁵
178 3041 213 3102 06
231 3041 284 3103 καί
296 3042 335 3102 τά
350 3039 451 3103 πάντα
468 3040 616 3124 ἐποίησας
632 3039 686 3100 καί
701 3046 762 3101 τῶν
779 3037 860 3100 όλων
876 3047 1028 3119 προνοεῖς,
1045 3037 1078 3099 δν
1095 3038 1149 3100 καί
1164 3035 1351 3109 ἀπέστειλας
1376 3030 1379 3036 ’

178 3145 228 3207 ἐπὶ
251 3144 388 3229 σωτηρίᾳ
411 3154 449 3228 τῇ
472 3143 610 3229 ἡμετέρᾳ
633 3141 782 3226 γενέσθαι
798 3143 975 3227 ἄνθρωπον,
1000 3144 1034 3206 ὃν
1058 3145 1112 3205 καί
1128 3140 1351 3226 συνεχῶρησας

177 3249 291 3312 παθεῖν
315 3251 369 3311 καί
393 3250 584 3331 ἀποθανεῖν,
608 3248 642 3311 δν
666 3250 720 3311 καί
744 3249 923 3334 ἀναστήσας
946 3249 1122 3332 εὐδόκησας
1145 3246 1275 3325 δοξάσαι
1298 3247 1352 3309 καί

177 3354 331 3427 ἐκάθισας
355 3355 392 3415 ἐκ
417 3353 525 3430 δεξιῶν
548 3375 614 3436 σου,
638 3351 675 3416 δι’
691 3356 726 3416 οὐ
750 3356 805 3417 καί
829 3354 1006 3439 ἐπηγγείλω
1022 3354 1094 3439 ήμῖν
1110 3357 1165 3437 τήν
1182 3351 1351 3415 ἀνάστασιν

177 3471 238 3525 τῶν
261 3468 391 3538 νεκρῶν.
437 3461 467 3523 3.
491 3457 546 3541 Σό,
570 3458 707 3522 δέσποτα
730 3460 960 3541 παντοκράτορ,
987 3460 1044 3522 θεέ
1067 3457 1187 3537 αἰῶνιε,
1214 3468 1301 3532 ῶσπερ
1320 3462 1352 3533 ἦν

138 3579 163 3615 3⁰
176 3579 250 3627 τούτο
269 3577 495 3641 διεσκορπισμένον
512 3577 559 3625 καί
578 3574 708 3640 συναχθέν
726 3576 832 3641 ἐγένετο
851 3571 889 3636 είς
907 3575 992 3638 ἀρτος,
1011 3575 1078 3625 οὐτω
1091 3575 1227 3640 συνάγαγέ
1239 3589 1286 3625 σου
1304 3573 1351 3638 τὴν

177 3680 322 3745 ἐκκλησίαν
341 3682 394 3731 ἀπό
412 3685 461 3730 τῶν
479 3679 595 3743 περάτων
614 3683 660 3744 τῆς
678 3683 729 3744 γῆς
749 3681 786 3740 είς
797 3679 845 3743 τήν
858 3679 904 3743 σήν
918 3678 1057 3741 βασιλείαν,
1101 3671 1131 3732 4.
1155 3667 1225 3732 Ἔτι
1248 3680 1350 3744 εὐχαρι·

178 3791 292 3853 στῶμεν,
311 3787 393 3849 πάτερ
411 3786 492 3851 ημῶν,
512 3785 576 3847 ὑπὲρ
594 3783 649 3837 τοῦ
672 3773 772 3857 τιμίου
796 3776 926 3856 αἵματος
947 3771 1051 3858 Ἰησού
1067 3771 1206 3855 Χριστοῦ
1229 3782 1284 3835 τού
1301 3774 1351 3836 ἐκ·

177 3884 331 3969 χυθέντος
355 3883 432 3965 ὑπὲρ
455 3882 543 3966 ήμῶν
573 3881 628 3943 καί
657 3888 712 3942 τοῦ
735 3879 835 3963 τιμίου
859 3878 1022 3962 σώματος,
1053 3881 1089 3942 οὐ
1121 3881 1176 3942 καί
1199 3878 1351 3943 ἀντίτυπα

178 4128 277 4182 batum
297 4129 325 4181 et
338 4124 506 4181 dominicam
525 4122 584 4177 dies
596 4123 681 4177 festos
699 4123 749 4176 ha·
776 4125 898 4192 excepto.

177 4214 237 4268 beri
248 4214 334 4277 iubet,
354 4228 438 4281 quam
451 4212 617 4267 condemnat
630 4227 682 4274 eos,
702 4211 750 4279 qui
809 4210 908 4276 XXIV,
929 4214 952 4267 1.
973 4221 1012 4266 13.
1031 4215 1077 4269 καί
1095 4212 1110 4283 6
1128 4216 1151 4268 δ.
1173 4215 1219 4268 καί
1237 4213 1252 4284 6
1271 4211 1349 4282 δόξα]

178 4300 274 4355 diebus
297 4300 356 4354 illis
379 4298 522 4367 ieiunant,
550 4317 606 4355 uno
630 4299 748 4356 sabbato
775 4318 820 4356 om
840 4299 925 4357 Piera.
