2918 4890
329 365 516 424 DOCTRINA
534 366 722 423 DUODEGIM
743 366 1016 427 APOSTOLORUM.
1181 372 1261 440 XIII

76 527 252 592 Barnabae
276 528 326 607 19,
351 529 371 590 2
394 527 555 613 leguntur.
601 527 742 593 Iustinus
772 533 879 593 autem
909 552 946 593 ea
969 551 1006 592 ex
1029 529 1183 594 Doctrina
1206 532 1260 596 de·

77 633 279 716 prompsisse
301 632 460 716 putandus
483 637 548 713 est,
578 655 649 696 cum
673 633 755 697 hanc
778 633 834 697 alii
858 656 983 717 quoque
1005 632 1120 698 Iustini
1142 635 1204 699 loci
1226 635 1260 699 in

77 738 271 801 memoriam
294 740 450 816 revocent,
473 759 545 801 cum
568 738 664 801 verba
686 737 781 821 plane
800 738 909 802 eodem
925 738 1034 803 ordine
1050 739 1171 818 afferat,
1196 762 1258 823 quo

78 840 257 921 Doctrina,
290 842 455 906 Barnabas
479 845 585 906 autem
609 842 743 905 scribat:
775 840 827 903 τόν
851 861 886 904 σε
908 841 1096 924 ποιήσαντα,
1127 865 1260 927 cumque

79 946 243 1030 scriptura
258 945 315 1010 illa
326 945 413 1009 haud
429 946 523 1010 dubie
539 945 640 1010 multo
656 946 763 1010 notior
777 946 877 1010 fuerit
893 969 989 1030 quam
1004 948 1098 1012 huius
1114 949 1259 1032 epistula.

71 1116 78 1132 ,
172 1047 241 1114 Nec
273 1050 497 1114 Tatianus
531 1073 587 1115 nec
622 1051 818 1135 Theophilus
852 1053 885 1114 in
918 1052 1053 1115 testibus
1088 1051 1260 1117 Doctrinae

63 1155 309 1247 :enumerandis
337 1155 464 1220 silentio
493 1156 715 1239 praetereundi
737 1160 821 1220 sunt.
867 1154 926 1219 Ille
958 1157 991 1218 in
1014 1156 1219 1222 Diatessaron
1234 1157 1261 1237 ¹)

81 1258 170 1322 diota
193 1258 440 1344 Evangeliorum
458 1259 615 1325 Matthaei
639 1283 674 1325 ac
689 1261 791 1325 Lucae
813 1262 906 1343 plane
929 1261 1038 1325 eodem
1061 1263 1153 1325 modo
1176 1263 1260 1326 inter

81 1384 117 1426 se
152 1364 324 1428 coniuncta
354 1365 484 1429 exhibet
517 1387 580 1449 quo
604 1370 714 1429 auctor
737 1356 908 1429 Doctrinae
934 1364 969 1443 l,
994 1364 1015 1426 4
1048 1364 1101 1438 (ef.
1127 1365 1259 1447 adnot).

81 1465 179 1531 Unde
201 1468 412 1551 probabiliter
434 1469 607 1553 colligitur,
631 1468 768 1533 alterum
783 1469 897 1552 legisse
913 1467 1070 1555 alterum,
1098 1468 1259 1532 Posterior

82 1575 133 1635 est
156 1575 265 1635 autem
293 1573 378 1637 haud
403 1574 497 1638 dubie
521 1573 693 1653 Tatianus,
725 1574 788 1637 nisi
820 1573 903 1638 forte
930 1596 1038 1637 versus
1069 1573 1097 1653 1,
1121 1574 1217 1653 3—2,
1242 1574 1258 1636 1

81 1676 272 1759 interpolati
296 1678 426 1744 fuerint.
474 1679 521 1744 De
544 1679 605 1743 hac
629 1679 813 1762 quaestione
835 1678 875 1741 cf.
899 1677 984 1741 infra
1007 1700 1032 1742 c.
1049 1678 1090 1743 V.
1127 1675 1261 1741 sienim

82 1780 245 1863 particula
268 1806 332 1848 non
354 1784 476 1848 auctori
491 1784 637 1868 principi,
661 1783 715 1847 sed
730 1782 899 1865 posteriori
911 1782 1036 1846 cuidam
1053 1782 1260 1846 adiudicanda
1291 1849 1293 1852 Α

85 1889 180 1965 esset,
204 1887 417 1971 interpolator
439 1888 610 1952 aTatiano
626 1887 799 1971 dependere
821 1888 928 1970 putari
951 1892 1066 1970 posset.
1106 1887 1258 1950 Attamen

85 2011 143 2053 res
160 2013 225 2055 non
249 1997 330 2057 esset
352 1994 445 2076 plane
468 1998 562 2076 certa.
602 1993 695 2058 Teste
711 1992 831 2057 Herma
851 1991 1008 2076 particula
1024 1990 1080 2054 illa
1095 1992 1178 2055 circa
1192 2014 1261 2055 sae-

85 2094 196 2159 culum
219 2093 252 2160 Π
284 2097 422 2161 medium
455 2099 520 2162 iam
552 2099 707 2162 exstabat.
753 2096 909 2161 Dubitare
939 2101 1045 2160 autem
1067 2097 1156 2176 licet,
1185 2120 1261 2160 num

86 2198 220 2265 Tatiani
243 2201 447 2268 Diatessaron
469 2225 536 2266 non
557 2207 667 2286 postea
690 2203 732 2266 sit
754 2202 973 2285 compositum.

107 2379 110 2387 Ι
175 2302 465 2389 Theophilus
488 2307 706 2371 Antiochenus
729 2307 763 2369 in
785 2305 869 2369 libro
885 2306 924 2369 ad
945 2304 1138 2388 Autolycum
1161 2302 1202 2383 ll,
1219 2304 1261 2367 34

86 2409 217 2473 scribit:
242 2410 345 2475 Deum
368 2411 508 2475 humano
530 2412 639 2495 generi
662 2410 766 2495 legem
789 2410 909 2475 dedisse
933 2432 968 2474 ac
982 2414 1107 2474 sanctos
1123 2408 1260 2492 prophe-

86 2518 138 2578 tas
161 2514 302 2595 misisse,
336 2515 391 2599 qui
422 2539 521 2580 unum
543 2516 644 2580 Deum
678 2538 743 2579 esse
773 2515 1014 2579 annuntiassent
1041 2537 1076 2578 ao
1098 2517 1262 2597 praeterea

84 2618 277 2700 docuissent,
301 2617 480 2703 ἀπέχεσθαι
503 2621 565 2682 ἀπὸ
588 2628 643 2703 τῆς
667 2619 819 2703 ἀθεμίτου
843 2617 1099 2701 εἰδωλολατρείας
1123 2619 1178 2679 καὶ
1194 2637 1259 2699 μοι·

85 2722 176 2807 χείας
198 2726 253 2787 καὶ
275 2724 381 2806 φόνου,
403 2724 557 2807 πορνείας,
581 2723 721 2808 κλοπῆς,
745 2723 964 2807 φιλαργυρίας,
977 2761 980 2769 ·
995 2725 1092 2805 ὅρκου
1116 2720 1259 2803 ψεύδους,

85 2827 186 2912 ὀργῆς
208 2829 263 2890 καὶ
285 2828 387 2913 πάσης
411 2828 575 2912 ἀσελγείας
601 2831 655 2892 καὶ
678 2827 897 2911 anapaesta,
925 2829 978 2889 aul
1009 2825 1111 2888 πάντα
1142 2827 1200 2887 ὅσοι
1223 2827 1260 2887 ἂν

86 2937 130 3018 μὴ
156 2932 304 3019 βούληται
328 2934 495 3017 ἄνθρωπος
520 2933 619 3016 ἑαυτῷ
644 2934 795 3017 γίνεσθαι,
825 2934 903 3018 μηδὲ
926 2931 1012 3015 ἄλλῳ
1036 2940 1117 3013 ποιῇ.
1164 2929 1260 2992 Prae-

84 3042 181 3122 cepta
203 3040 328 3123 quidem
351 3038 516 3122 prophetis
539 3038 776 3116 attribuuntur,
808 3041 875 3100 tam
898 3057 995 3119 prope
1017 3055 1092 3098 vero
1115 3033 1154 3096 ad
1178 3033 1261 3097 Doc-

85 3145 208 3208 trinam
234 3145 299 3225 l,3
323 3148 355 3207 et
378 3145 408 3223 2,
425 3145 509 3207 2-3
533 3143 694 3223 accedunt,
718 3147 754 3206 ut
777 3141 850 3205 inde
862 3140 1031 3225 repetenda
1050 3161 1116 3202 esse
1132 3138 1261 3201 videan-

85 3252 152 3312 tur.
197 3247 265 3311 Aut
287 3248 422 3312 fortasse
453 3247 492 3312 ad
515 3270 606 3311 usum
631 3247 768 3331 aliquem
790 3243 1014 3329 baptismalem
1045 3245 1095 3308 vel
1118 3243 1262 3326 sponsio·

85 3375 161 3416 nem
184 3353 349 3418 referenda
371 3357 455 3433 sunt,
480 3376 575 3436 quam
591 3351 773 3436 baptizandi
788 3350 1002 3414 emittebant?
1036 3347 1106 3412 Hoc
1121 3348 1260 3411 indicare

85 3457 214 3522 videtur
228 3479 331 3521 sermo
347 3479 453 3522 coram
468 3457 637 3541 baptizatis
653 3457 790 3535 habitus,
815 3477 909 3539 quem
926 3453 1057 3538 Oaspari
1070 3452 1096 3537 ῃ)
1120 3475 1221 3536 nuper
1245 3475 1261 3515 e

86 3561 195 3626 codice
216 3560 495 3645 Montepessulano
525 3561 693 3626 saeculiX
724 3562 772 3625 vel
798 3558 846 3622 XI
868 3559 981 3638 edidit,
1013 3559 1046 3621 in
1074 3580 1136 3642 quo
1165 3557 1261 3622 verba

87 3665 251 3751 leguntur,
277 3689 357 3750 quae
380 3668 484 3732 verbis
500 3667 670 3751 Theophili
687 3666 823 3729 laudatis
841 3664 1002 3728 simillima
1018 3666 1101 3725 sunt.
1143 3666 1262 3727 Auctor

88 3771 174 3834 enim
197 3771 291 3834 dicit:
315 3771 359 3835 Et
381 3776 491 3855 postea
515 3773 579 3836 dies
596 3773 810 3856 quadraginta
835 3793 906 3834 cum
922 3767 1083 3850 discipulis
1100 3768 1262 3831 duodecim

90 3874 189 3956 (filius
214 3875 286 3960 Dei)
311 3881 359 3940 est
382 3882 586 3941 conversatus
609 3881 640 3941 et
663 3877 770 3940 docuit
793 3899 855 3955 eos,
878 3879 914 3938 ut
931 3873 1157 3937 adnuntiarent
1172 3892 1261 3934 suam

89 3980 352 4045 resurrectionem
375 4004 432 4065 per
455 4005 562 4046 omnes
585 3985 696 4066 gentes
726 3986 758 4045 et
781 3981 979 4064 baptizarent
1002 4001 1054 4042 eos
1077 3978 1109 4040 in
1134 3974 1262 4039 nomine

163 4125 189 4205 1)
208 4135 248 4191 cf.
269 4137 360 4200 Zahn,
385 4136 576 4206 Forsolcucpea
599 4152 648 4189 εον
674 4135 828 4191 Gesohiobtc
851 4135 896 4189 des
919 4130 1127 4188 aeutestomeatl.
1148 4128 1263 4182 Kaucas

90 4222 104 4274 Ι
234 4266 241 4280 .

105 4263 112 4287 ’
133 4225 187 4382 133)
201 4242 481 4366 ⁸iiirclwnbc'storiscbe
497 4311 636 4366 Amodata
655 4312 723 4366 1883
741 4329 768 4379 p.
788 4309 942 4373 193-2023
961 4308 995 4361 cf.
1014 4325 1041 4376 p.
1063 4305 1121 4358 197.
