2918 4890
412 110 598 166 DOCTRINA
616 111 805 167 DUODECIM
824 112 1096 169 Arcsroacaun.
1199 117 1339 184 XXXIX

165 293 268 355 neque
283 272 460 337 divinitatis
474 273 681 356 redemptoris
697 278 783 337 certa
798 275 918 338 mentio
941 273 1040 354 fieret,
1062 275 1208 340 Christus
1232 277 1338 359 potius

166 398 264 460 aeque
277 397 313 439 ac
325 376 429 441 David
442 377 486 457 (9,
498 376 531 459 2)
549 400 628 460 puer
644 376 711 452 Dei,
728 387 800 452 παῖς
816 379 904 461 θεοῦ,
929 379 1142 464 appellaretur
1159 383 1204 463 (9,
1222 383 1261 458 3;
1286 382 1337 462 10,

164 481 192 544 2.
203 483 237 564 3)
252 486 285 546 61
301 482 396 546 verba
408 483 446 546 de
458 483 654 567 redemptore
665 483 884 566 glorificando,
908 506 988 568 quae
1004 483 1168 547 Barnabas
1185 486 1336 550 mandato

164 587 279 650 amoris
291 586 352 650 Dei
364 587 543 666 addidisset,
560 587 663 652 deleta
673 593 786 653 essent.
811 588 975 653 Sententia
985 587 1120 653 fortasse
1133 590 1336 672 approbanda

163 691 745 770 esset,siauctorDoctrinaeBarnabae
754 695 923 777 epistulam
932 694 1061 778 legisset
1069 696 1165 776 atque
1173 699 1334 760 mutasset.

164 794 240 860 Cum
251 801 357 861 autem
370 799 452 862 ratio
465 798 565 863 altera
574 798 657 862 inter
673 799 845 882 scripturas
862 800 1045 877 intercedat,
1057 820 1105 863 res
1121 798 1214 862 aliter
1230 820 1262 862 se
1275 798 1331 862 ha-

163 900 223 964 bet.
258 900 380 967 Auctcr
390 902 562 968 Doctrinae
588 916 659 968 cum
683 904 779 968 verba
805 904 967 968 Barnabae
989 905 1027 967 de
1049 902 1246 986 redemptore
1268 925 1333 966 non

163 1005 383 1087 eliminaverit,
403 1008 457 1072 sed
467 1009 641 1093 simplicius
653 1013 780 1072 tantum
790 1010 828 1073 de
844 1007 970 1073 Christo
986 1008 1111 1071 locutus
1127 1006 1178 1085 sit,
1202 1007 1332 1070 minime

159 1111 304 1193 protinus
327 1111 480 1177 Ebionita
509 1112 672 1177 habendus
696 1116 751 1176 est.
800 1112 945 1190 Accedit,
975 1110 1059 1195 quod
1081 1116 1153 1182 παῖς
1176 1109 1254 1171 θεοῦ
1281 1111 1331 1174 vel

159 1215 268 1297 κυρίου
285 1215 431 1281 Christus
453 1219 549 1282 etiam
574 1240 592 1280 a
608 1216 757 1280 Barnaba
773 1216 816 1298 (6,
834 1217 869 1299 13
895 1216 925 1294 9,
941 1217 986 1299 2),
1010 1213 1170 1278 Clemente
1186 1211 1330 1278 Romano

158 1316 185 1400 (l
200 1317 273 1383 Cor.
291 1321 343 1399 59,
360 1323 389 1384 2.
414 1323 444 1385 3.
460 1323 494 1404 4)
525 1326 556 1386 61
584 1321 625 1385 ab
649 1321 720 1384 aliis
750 1320 895 1405 patribus
924 1319 1157 1404 antiquioribus
1188 1322 1329 1396 vocatur,

157 1443 259 1505 neque
281 1423 435 1489 Doctrina
458 1425 622 1490 Christum
653 1447 777 1508 semper
806 1425 865 1489 hoo
896 1424 1038 1502 nomine,
1069 1422 1193 1505 saepius
1222 1423 1328 1504 potius

155 1525 256 1591 lilium
280 1527 374 1611 (7,1)
398 1530 447 1594 vel
470 1530 573 1593 filium
597 1528 656 1593 Dei
680 1530 754 1612 (16,
772 1528 805 1615 4)
829 1533 861 1593 61
883 1528 1055 1593 Dominum
1079 1527 1131 1608 (cf.
1154 1527 1248 1590 index
1271 1548 1327 1590 vo-

155 1630 353 1717 cabulorum)
371 1633 521 1717 appellat.
560 1632 647 1697 Haec
671 1638 776 1697 autem
798 1655 997 1716 nequaquam
1020 1632 1111 1716 parvi
1131 1631 1326 1694 aestimanda

157 1739 242 1814 sunt,
267 1741 304 1800 ut
318 1736 532 1823 Krawutzcky
554 1743 669 1803 censet.
707 1737 926 1816 Econtrari0,
952 1739 1038 1816 14,3
1065 1735 1184 1799 dictum
1202 1732 1325 1800 Veteris

155 1837 351 1905 Testamenti
373 1842 511 1907 Domino
535 1843 723 1923 attribuens,
746 1843 814 1907 ie.
839 1843 1010 1907 secundum
1032 1841 1222 1906 locutionem
1247 1839 1325 1903 alibi

152 1944 303 2010 usitatam
320 1946 390 2012 Iesu
406 1948 545 2028 Christo,
569 1953 601 2013 at
626 1949 675 2028 16,
693 1950 712 2014 8
736 1949 774 2012 de
789 1950 926 2012 adventu
943 1945 1072 2011 Domini
1086 1945 1229 2028 loquens,
1252 1965 1324 2007 cum

135 2046 182 2113 S.
207 2048 372 2134 Scriptura
394 2054 502 2118 eodem
526 2055 611 2133 loco,
634 2077 728 2138 quem
751 2054 891 2138 respicit,
919 2054 957 2117 de
979 2051 1046 2116 filio
1068 2050 1206 2115 hominis
1229 2049 1323 2127 dicat,

153 2159 262 2219 auctor
280 2155 450 2223 Doctrinae
473 2181 506 2223 se
522 2156 683 2223 Christum
706 2181 769 2223 uon
792 2180 907 2242 purum
929 2155 1090 2220 hominem
1113 2153 1229 2218 habere
1245 2153 1322 2217 satis

147 2259 230 2322 61616
252 2260 380 2327 indicat.

234 2363 420 2451 Hilgenfeld
434 2370 459 2453 ¹)
483 2371 673 2454 scripturam
688 2393 752 2435 non
769 2369 895 2453 quidem
911 2391 930 2432 a
945 2367 1143 2431 Montanista
1158 2366 1319 2428 exaratam

150 2489 214 2532 esse
238 2472 410 2536 contendit.
458 2472 571 2540 Censet
594 2481 719 2555 autem,
750 2498 819 2540 eam
850 2477 882 2544 et
910 2473 1036 2557 quidem
1068 2469 1177 2534 ambas
1202 2471 1319 2551 partes,

147 2573 282 2654 primam
305 2577 415 2658 (1-6,
432 2580 465 2658 2)
490 2584 521 2643 61
538 2580 670 2644 61161661
687 2579 730 2664 (6,
748 2579 880 2662 3-16),
904 2600 983 2662 quas
1005 2598 1068 2640 non
1082 2574 1182 2638 eidem
1197 2570 1318 2635 auctori

146 2676 194 2740 vel
218 2677 331 2744 saltem
354 2704 418 2746 non
441 2684 542 2748 eidem
565 2686 701 2769 tempori
732 2685 906 2762 adiudicat,
938 2682 972 2745 in
995 2677 1203 2745 Montanismi
1225 2697 1317 2739 usum

145 2780 303 2846 redactam
327 2806 401 2850 esse.
441 2782 642 2872 Argumenta
658 2812 741 2869 ver0,
766 2812 844 2873 quas
861 2789 900 2853 ad
915 2785 1105 2853 sententiam
1121 2778 1316 2865 probandam

144 2889 327 2969 proposuit,
350 2893 480 2957 minime
502 2894 595 2959 firma
617 2899 701 2960 sunt.
747 2895 780 2961 si
804 2895 901 2959 verba
923 2891 1045 2974 ἀπέχου
1068 2897 1129 2952 τῶν
1153 2892 1315 2967 σαρκικῶν

143 2991 196 3050 καὶ
221 3003 408 3074 σωματικῶν
427 2996 598 3080 ἐπιθυμιῶν
626 3000 691 3080 1,4
713 3003 796 3064 recte
818 2999 1046 3081 interpretatus
1069 2990 1176 3067 1116116,
1199 2988 1243 3052 eis
1258 3008 1315 3050 ne·

141 3115 201 3176 que
225 3118 324 3161 nexus
344 3099 589 3186 interrumpitur
612 3125 713 3187 neque
728 3103 874 3168 Montani
896 3100 1015 3165 duritia
1030 3097 1208 3160 denotatur.
1247 3093 1314 3156 Vo-

141 3219 208 3262 cem
231 3199 349 3277 τὲλειος
375 3205 402 3285 1,
418 3207 439 3269 4
455 3210 487 3270 61
503 3207 532 3286 6,
550 3210 569 3270 2
594 3213 700 3273 6616111
723 3209 974 3274 Montanismum
994 3226 1103 3288 sapere
1126 3201 1179 3264 vix
1199 3199 1313 3282 aliquis

141 3305 339 3385 concesserit,
363 3328 435 3373 cum
458 3332 519 3374 vox
543 3311 645 3376 bisin
670 3313 846 3398 Evangelio
870 3310 1026 3376 Matthaei
1049 3309 1192 3391 legatur,
1216 3326 1257 3368 sc.
1282 3306 1312 3382 5,

139 3404 180 3468 48
204 3409 236 3469 61
260 3408 311 3487 19,
328 3409 377 3473 21.
415 3412 527 3499 Neque
543 3417 573 3496 6,
590 3419 610 3480 3
626 3418 878 3482 additamentum
893 3416 1108 3481 Montanistae
1129 3409 1312 3474 habendum

138 3512 194 3573 est.
234 3509 261 3573 Ε
292 3516 469 3596 contrario,
500 3519 528 3583 si
550 3519 636 3586 locus
667 3522 906 3587 aMontanista
933 3525 1015 3585 esset
1036 3518 1192 3600 scriptus,
1216 3512 1312 3576 verba

138 3611 154 3672 ὃ
177 3612 212 3674 δὲ
236 3613 366 3679 δύνασαι
388 3625 472 3686 66116
492 3624 645 3704 deessent,
669 3649 740 3691 cum
763 3628 888 3712 legibus
911 3628 951 3691 ad
973 3625 1125 3690 ieiunium
1148 3621 1310 3705 pertinen-

137 3715 224 3781 tibus
248 3741 267 3782 6
289 3721 499 3792 schismaticis
522 3732 694 3796 auctoritas
724 3737 816 3797 tanta
839 3733 1085 3807 attribueretur,
1116 3731 1152 3791 ut
1175 3724 1310 3809 singulis

136 3875 344 3889 --,

207 3961 234 4029 1)
252 3960 322 4019 Nor.
343 3963 416 4021 Test.
434 3970 516 4024 extra
534 3987 595 4026 can.
609 3990 660 4029 rec.
674 3973 739 4029 laec.
756 3973 796 4029 IV
808 3974 851 4033 ad.
871 3975 897 4029 11
915 3994 941 4045 p.
956 3976 997 4030 94.
1014 3973 1064 4027 164
1076 3988 1117 4041 sq.
1152 3967 1309 4037 Zeitscbrift

129 4046 183 4115 fior
200 4050 346 4108 1666611661.
360 4053 508 4126 vTheoloyic
527 4059 592 4115 1885
611 4078 638 4130 p.
657 4061 769 4118 88-94.
