2918 4890
372 110 560 167 DUODECIM
580 110 845 169 APOSTOLORUM
862 113 910 178 XI,
932 112 1062 180 ll-Xll,
1082 116 1107 170 4.
1282 122 1324 186 39

152 273 226 337 facit
249 272 515 360 congregationes
546 273 579 336 in
602 273 791 357 mysterium
813 275 1027 355 mundanum,
1056 296 1113 339 nec
1135 298 1210 340 vero
1233 278 1324 343 docet

150 379 257 443 omnia
280 377 427 443 facienda
449 401 525 456 esse,
549 400 629 462 quae
652 379 720 462 ipse
742 378 830 459 facit,
853 402 918 444 non
941 379 1133 445 iudicabitur
1151 383 1235 465 apud
1250 405 1322 462 vos;

148 506 219 548 cum
242 483 310 549 Deo
334 483 418 549 enim
440 483 538 548 habet
561 483 733 562 iudicium;
765 486 874 550 eodem
908 486 992 551 enim
1015 486 1108 550 modo
1131 492 1263 572 egerant
1291 491 1323 553 et

149 593 269 653 veteres
292 587 475 673 prophetae.
525 588 574 652 12.
599 588 660 664 Qui
683 592 790 654 autem
815 590 931 655 dixerit
953 591 987 654 in
1009 591 1143 675 spiritu:
1170 591 1220 656 Da
1242 592 1322 656 mihi

147 698 317 778 argentum
340 696 372 758 et
394 692 457 758 alia
480 694 645 778 quaedam,
668 717 707 758 ne
730 716 802 759 eum
825 696 979 774 audiatis;
1004 695 1120 760 sivero
1136 696 1260 776 dixerit,
1285 699 1346 760 uls

147 821 202 882 pro
227 798 299 863 aliis
322 797 541 882 indigentibus
565 799 665 878 detur,
689 821 780 864 nemo
804 823 875 864 eum
897 799 1023 865 iudicet.

230 901 304 968 XII.
348 901 478 982 Omnis,
511 903 566 988 qui
597 905 678 968 veuit
708 905 743 969 ιἰι
775 906 898 970 ιιανιιιίιι
928 904 1076 983 Domini,
1111 904 1318 988 suscipiatur3

148 1012 254 1093 postea
277 1011 384 1072 autem
406 1008 577 1091 probantes
611 1030 682 1073 eum
706 1011 912 1094 cognoscetis,
935 1010 1131 1075 intellectum
1154 1011 1239 1074 enim
1261 1010 1318 1074 ha-

150 1114 263 1178 bebitis
287 1113 513 1178 diiudicantem
543 1113 705 1179 dexteram
733 1120 764 1180 et
786 1116 958 1181 sinistram.
1004 1117 1034 1179 2.
1058 1113 1093 1181 si
1115 1114 1242 1200 quidem
1265 1138 1318 1180 ve-

149 1219 235 1284 niens
245 1218 403 1283 transiens
427 1223 484 1298 est,
501 1219 648 1285 adiuvate
664 1243 733 1285 eum
753 1225 907 1307 quantum
924 1223 1073 1307 potestis:
1098 1243 1162 1285 non
1177 1221 1319 1286 manebit
1333 1245 1357 1282 10

148 1329 251 1389 sutem
283 1324 366 1408 apud
397 1346 454 1388 vos
485 1324 547 1388 nisi
576 1325 654 1390 duos
685 1325 736 1390 vel
767 1331 832 1392 tres
860 1328 942 1407 dies,
977 1328 1004 1392 si
1026 1326 1236 1392 necessarium
1259 1329 1317 1390 est.

148 1431 172 1494 3.
195 1428 230 1495 Si
253 1451 328 1494 vero
359 1430 443 1513 apud
465 1452 521 1495 vos
544 1430 705 1497 considere
727 1433 797 1496 vult
827 1437 859 1498 et
882 1432 998 1498 artifex
1021 1436 1087 1512 est,
1116 1431 1262 1496 laborato
1286 1433 1318 1495 et

147 1535 237 1600 edito.
285 1535 315 1599 4.
339 1533 395 1601 sin
419 1557 481 1599 non
505 1540 629 1601 exercet
650 1541 768 1618 artem,
799 1560 857 1622 pro
880 1537 1049 1622 prudentia
1070 1539 1176 1601 vestra
1199 1538 1316 1613 curate,

179 1709 219 1762 12.
248 1709 296 1775 δός
319 1729 368 1778 μοι
389 1709 462 1780 κτλ.]
487 1709 619 1766 Dominus
642 1709 717 1765 enim
745 1709 788 1769 διὰ
810 1712 1001 1785 τῶντρόπων
1029 1721 1077 1780 τῆς
1097 1707 1233 1776 συνέσεως
1260 1716 1317 1766 τῶν

144 1795 243 1849 Matth.
259 1796 326 1860 lll,8
344 1795 429 1850 dixit:
451 1795 546 1851 Gratis
564 1796 717 1867 accepistis,
744 1804 840 1868 δεξιῶν
857 1802 903 1856 καὶ
922 1797 1089 1873 ἀριστερῶν,
1107 1795 1179 1853 κατὰ
1197 1797 1231 1853 τὸ
1248 1794 1315 1854 ἀνιο-

144 1883 233 1953 gratis
242 1883 317 1939 date.
343 1885 383 1939 ef.
395 1887 455 1940 Act.
467 1887 492 1950 8,
503 1885 614 1940 18-20.
633 1884 714 1938 Mioh.
743 1887 883 1944 στολικόν·
897 1884 941 1943 διὰ
951 1893 1008 1942 τῶν
1018 1882 1112 1942 ὅπλων
1124 1895 1173 1955 τῆς
1179 1885 1316 1942 δικαιοσύ-

142 1975 165 2036 3,
185 1973 226 2026 11.
743 1996 790 2046 νης
805 1959 862 2031 τῶν
874 1979 972 2043 δεξιῶν
986 1976 1032 2030 καὶ
1040 1970 1194 2048 ἀριστερῶν
1208 1974 1246 2046 (II
1254 1974 1314 2032 Cor.

174 2061 234 2115 XII.
274 2061 426 2130 Postquam
454 2063 550 2116 auctor
578 2057 713 2129 exposuit,
742 2064 765 2124 6,
778 2063 814 2130 ll.
841 2063 975 2116 Attamen
985 2060 1055 2114 haee
1064 2058 1248 2130 praeferenda
1257 2079 1315 2118 esse

142 2147 278 2216 quomodo
304 2149 424 2217 apostoli
448 2151 477 2204 et
501 2149 656 2219 prophetae
684 2148 714 2202 in
741 2149 862 2204 videtur.
898 2147 1118 2204 constitutiones
1145 2150 1234 2218 apost.
1253 2149 1314 2217 VH,

142 2234 287 2290 ecclesiam
307 2236 352 2290 vel
368 2236 403 2290 ad
417 2236 519 2290 fratres
533 2235 714 2291 advenientes
740 2237 774 2290 28
792 2238 856 2306 post
875 2231 951 2308 ἔχετε
968 2234 1108 2290 inserunt:
1128 2239 1174 2292 καὶ
1192 2235 1315 2301 δύνασθε

141 2323 306 2395 suscipiendi
324 2322 399 2388 sint,
418 2323 512 2386 docet,
531 2339 587 2392 qua
604 2324 714 2378 ratione
740 2330 843 2396 γνῶναι
862 2341 897 2377 sc.
911 2321 1003 2392 δεξιὰν
1014 2329 1073 2380 κτλ.
1095 2354 1124 2362 -
1143 2323 1235 2393 δεξιὰν
1243 2327 1313 2399 κτλ]

140 2409 241 2480 reliqui
260 2410 386 2465 advenae
403 2409 551 2465 christiani
573 2408 713 2478 accipian·
740 2409 779 2464 cf.
799 2409 857 2465 lon.
876 2411 901 2474 l,
921 2411 961 2467 ll.
988 2409 1016 2463 Π
1035 2409 1094 2466 Cor.
1113 2412 1137 2474 6,
1158 2413 1181 2465 7.

141 2500 194 2554 tur.
775 2496 800 2550 2.
827 2495 909 2552 Teste
926 2497 1034 2554 Iustino
1053 2497 1133 2567 Apol.
1152 2497 1173 2562 Ι,
1187 2500 1219 2553 67
1238 2499 1313 2555 dona

175 2588 197 2642 1.
229 2595 251 2641 7.
280 2579 357 2655 ἕξετε
368 2610 377 2641 .·
389 2579 479 2654 ἕξεται
502 2584 552 2640 cod
575 2614 611 2623 -
635 2581 713 2658 ὄέρ-
739 2585 770 2638 in
788 2582 903 2639 ecclesia
922 2584 1040 2640 collecta
1059 2584 1145 2640 etiam
1166 2585 1202 2639 ad
1215 2587 1312 2643 subve-

139 2675 257 2746 χόμενος
275 2673 345 2744 κτλ]
366 2673 468 2728 Matth.
488 2673 530 2737 21,
542 2673 568 2726 9.
595 2671 639 2726 Ps.
653 2672 712 2736 117,
741 2671 874 2728 niandum
891 2671 1106 2727 advenientibus
1123 2688 1239 2743 peregre
1250 2674 1311 2730 hos·

140 2763 180 2819 26.
209 2760 249 2816 Of.
268 2761 365 2817 Ioann·
385 2764 410 2826 5,
421 2762 465 2815 43.
485 2790 526 2800 -<
537 2758 674 2832 dextetam]
694 2757 711 2812 i.
737 2759 844 2831 pitibus
857 2761 1067 2835 (παρεπιδήμοις
1079 2753 1140 2816 οὖσι
1152 2759 1250 2830 ξένοις)
1264 2763 1311 2817 ad·

139 2866 161 2904 s.
174 2847 354 2919 hospitaliter
367 2847 542 2918 suscipiatur,
551 2849 581 2902 st
590 2845 711 2917 quidem,
738 2847 917 2902 hibebantur.
954 2845 1083 2916 Ignatius
1102 2846 1235 2902 Romanis
1254 2851 1278 2915 9,
1294 2853 1310 2906 3

139 2939 170 2992 ut
195 2953 229 2992 ex
247 2935 427 3005 sequentibus
444 2936 539 3005 patet,
565 2932 710 2990 confestim
738 2933 843 2999 scribit,
863 2933 992 2988 ecelesias
1011 2949 1075 2987 eum
1093 2933 1242 3004 suscepisse
1260 2935 1310 3011 οὐχ

139 3027 166 3079 et
190 3022 354 3094 priusquam
382 3024 526 3093 probatur.
556 3053 586 3061 -
616 3015 711 3077 ἔπειτα
737 3020 776 3092 ὥς
793 3022 991 3099 παροδεύοντα.
1029 3021 1156 3077 Clemens
1168 3021 1310 3080 Romanus

137 3110 206 3181 xta]
226 3109 327 3165 Sensus
346 3129 400 3171 non
420 3112 462 3165 est
478 3108 587 3164 dubius.
623 3107 710 3174 Quae·
737 3110 824 3168 Icor.
845 3112 895 3176 1,2
913 3109 1138 3179 hospitalitatem
1156 3111 1309 3181 praedicat,

136 3198 209 3253 ritur
228 3201 335 3264 autem,
360 3216 427 3252 num
446 3197 533 3252 verba
556 3197 648 3267 δεξιὰν
664 3200 710 3254 καὶ
737 3218 821 3272 quam
835 3197 972 3255 Corinthii
990 3197 1028 3252 eis
1044 3198 1243 3267 praebuerunt,
1262 3202 1311 3271 qui

137 3284 287 3361 ἀριστεράν
299 3285 485 3342 construenda
499 3285 557 3339 sint
567 3303 629 3340 cum
641 3283 709 3359 γνόν
737 3287 813 3358 apud
831 3287 904 3357 ipsos
923 3285 1152 3340 deversabantur.

136 3379 231 3439 σεσθε,
250 3373 293 3428 ita
304 3377 336 3429 ut
350 3374 435 3428 verba
444 3373 555 3431 σύνεσιν
566 3372 620 3449 γὰρ
634 3369 710 3443 ἕξετε
773 3379 797 3431 3.
830 3386 869 3430 1⁰.
899 3376 1013 3432 καθίσαι
1038 3390 1101 3428 em:
1120 3381 1241 3447 καθῆται
1260 3376 1309 3432 eod

138 3461 167 3515 in
185 3461 348 3531 parenthesi
365 3460 495 3532 ponenda
512 3460 578 3526 sint,
597 3479 635 3516 an
648 3479 711 3515 cum
738 3495 770 3503 -
798 3462 959 3538 ἐργαζέσθω
989 3461 1059 3533 κτλ]
1094 3461 1133 3516 cf.
1164 3461 1191 3515 Il
1216 3463 1308 3518 Thess.

137 3549 259 3614 σύνεσιν,
284 3548 326 3603 ita
345 3549 377 3601 ut
394 3546 470 3604 locus
488 3547 640 3603 vertendus
659 3547 709 3602 sit:
736 3552 833 3614 3,10:
858 3546 948 3618 εἴτις
972 3548 1005 3607 οὐ
1032 3548 1108 3606 θέλει
1135 3546 1309 3624 ἐργάζεσθαι,

137 3635 314 3692 intellectum
324 3634 397 3690 enim
409 3634 709 3690 hababitisdiiudican·
735 3637 805 3711 μηδὲ
822 3635 948 3696 ἐσθιέτω.
987 3637 1103 3693 Constit.
1123 3639 1204 3706 apost
1230 3636 1277 3702 IV,
1293 3639 1309 3692 2

136 3724 192 3777 tem
206 3722 351 3801 dexteram
365 3725 394 3776 et
403 3722 556 3777 sinistram.
583 3722 638 3778 Illa
648 3739 710 3780 con·
738 3727 881 3797 episcopus
890 3725 1065 3789 admonetur,
1075 3725 1108 3777 nt
1118 3722 1219 3779 artifici
1231 3742 1308 3794 opus,

136 3810 254 3866 structio
270 3809 383 3879 quidem
397 3811 488 3864 minus
500 3810 571 3864 dura
590 3812 632 3865 ast
650 3812 680 3864 et
693 3827 710 3865 a
735 3807 1307 3888 invalidomisericordiamlcexvltpipyov,

135 3897 276 3968 Bryennio
296 3897 418 3968 epistula
437 3895 473 3952 ad
493 3897 622 3952 Harnack
640 3896 709 3952 data
735 3898 851 3975 ἀδρανεῖ
878 3895 965 3968 ἕλεος)
993 3899 1129 3968 praebeat
1159 3916 1308 3970 curamque

134 3986 280 4055 probatur,
298 3987 448 4055 postquam
471 3984 500 4039 in
519 3984 641 4041 editione
659 4002 709 4039 sua
735 3988 849 4053 habeat,
868 3990 900 4042 ut
918 3986 1059 4056 orphanus
1069 3988 1159 4041 artem
1172 3986 1260 4043 discat
1279 3992 1307 4044 et
1414 3984 1418 3995 '

133 4073 337 4143 interpretatus
356 4074 410 4127 est:
423 4072 590 4142 desipuisses
609 4071 710 4141 αὐτοὺς
736 4074 813 4130 vitae
830 4077 978 4144 quaestum
995 4073 1060 4127 inde
1078 4073 1224 4144 percipiat.
