2918 4890
263 1146 487 1220 CANONES
515 1144 865 1218 nocenslnsrlcl
893 1143 1185 1219 SANOTORUM

540 1267 900 1341 APOSTOLORUM.

174 1565 288 1660 Arete,
311 1583 369 1646 filii
393 1586 424 1647 et
446 1581 541 1661 filiae,
564 1582 598 1644 in
618 1581 746 1645 nomine
761 1581 891 1646 Domini
906 1581 975 1646 Iesu
993 1582 1122 1648 christi.
1168 1584 1303 1651 Ioannes

221 1691 253 1752 et
276 1687 459 1752 Matthaeus
482 1690 514 1751 et
537 1685 649 1750 Petrus
672 1689 704 1749 et
726 1685 870 1750 Andreas
897 1690 929 1750 et
952 1686 1118 1771 Philippus
1142 1694 1173 1753 et
1195 1690 1303 1755 Simon

220 1797 252 1857 et
274 1791 407 1857 Iacobus
431 1795 462 1855 et
485 1789 667 1854 Nathanael
689 1795 721 1855 et
744 1790 883 1856 Thomas
910 1796 941 1856 et
964 1791 1085 1877 Cephas
1108 1797 1140 1858 et
1162 1794 1329 1862 Barthos

218 1899 358 1961 lomaeus
382 1901 414 1961 et
436 1895 530 1960 Iudas
554 1894 670 1960 Iacobi.

217 2000 243 2065 l.
282 2000 362 2064 Cum
384 2000 513 2065 iubente
528 2001 665 2066 Domino
689 2002 798 2064 nostro
815 1999 885 2064 lesu
901 1999 1029 2065 Christo
1049 2003 1206 2068 salvatore
1228 2027 1302 2069 oon-

133 2107 339 2184 venissemus,
363 2106 445 2170 sicut
464 2110 559 2173 antea
573 2106 749 2189 praecepit:
772 2103 864 2169 Sorte
879 2104 1025 2169 dividetis
1041 2108 1230 2189 provincias,
1253 2132 1303 2174 re·
1335 2173 1336 2177 ,

132 2211 302 2277 censebitis
325 2210 467 2274 locorum
488 2232 654 2289 numeros,
678 2211 895 2294 episcoporum
919 2211 1106 2296 dignitates,
1140 2214 1303 2298 presbyte-

131 2340 243 2381 rorum
266 2317 367 2395 sedes,
391 2316 595 2381 diaconorum
618 2315 823 2394 assensiones,
845 2316 1000 2380 lectorum
1022 2316 1222 2399 prudentias,
1255 2319 1302 2382 vi·
1319 2349 1342 2384 10

129 2423 266 2486 duarum
283 2422 479 2486 innocentiae
496 2426 527 2486 et
543 2423 659 2500 omnia,
683 2443 764 2505 quac
780 2421 818 2485 ad
834 2422 1029 2485 fundandam
1046 2423 1207 2486 ecclesiam
1223 2446 1301 2507 opus

131 2531 226 2606 sunt,
260 2531 296 2590 ut
317 2525 439 2591 formae
462 2549 566 2590 rerum
591 2526 773 2590 caelestium
795 2527 889 2610 gnari
912 2530 1044 2591 caveant
1076 2527 1116 2590 ab
1140 2529 1226 2592 omni
1248 2529 1301 2592 de-

128 2632 216 2710 licte,
240 2631 393 2710 scientes,
420 2632 453 2694 in
476 2653 594 2716 magna
616 2631 724 2694 iudicii
747 2631 797 2693 die
821 2631 978 2695 rationem
1000 2654 1033 2696 se
1057 2654 1123 2695 esse
1145 2633 1301 2696 redituros

128 2802 604 2873 inter-apostoloscommemoratur,
616 2820 705 2872 neque
732 2803 867 2872 Equidem
885 2821 941 2858 non
958 2802 1107 2874 perspicio,
1132 2820 1180 2856 cur
1198 2804 1301 2859 catalo-

129 2895 227 2946 auctor
245 2890 403 2960 perspexit,
429 2909 492 2946 eum
508 2891 705 2960 ,verisimiliter
731 2908 782 2959 gus
802 2891 910 2946 auctori
930 2909 985 2946 non
1005 2889 1042 2942 sit
1061 2889 1271 2944 adiudicandus.

132 2978 252 3032 eundem
289 2995 346 3032 esse
382 2996 443 3032 cum
480 2977 703 3034 Bartholomaeo.
766 2978 786 3032 I.
808 2987 830 3033 8.
849 2977 946 3044 καθὼς
964 2983 985 3034 δ.
1005 2978 1060 3051 πρὸ
1076 2986 1126 3034 τοῦ
1135 3002 1143 3032 :
1161 2977 1303 3048 praecepit

132 3065 240 3135 Cephas
260 3064 379 3134 denique
392 3065 525 3135 apostolis
538 3066 704 3120 adnumera·
731 3065 810 3120 nobis
828 3067 857 3119 et
867 3064 939 3119 dixit
952 3066 983 3129 A,
1004 3064 1146 3134 praecepit
1164 3064 1243 3120 nobis
1262 3065 1303 3119 di-

132 3155 178 3205 tus
206 3138 264 3206 esse
286 3151 411 3217 videtur,
437 3153 578 3222 quiahoc
603 3169 704 3208 nomen
731 3168 793 3205 cens
812 3152 846 3216 Ο,
870 3152 985 3207 coniecit
1003 3152 1135 3206 Harnaclr
1158 3150 1304 3225 προλέγων

129 3239 178 3292 uni
196 3256 230 3292 ex
249 3239 433 3309 septuaginta
458 3240 600 3310 discipulis
618 3239 703 3294 luisse
731 3240 774 3294 vel
799 3242 946 3312 πρότερον.
972 3239 977 3310 Ι
1003 3250 1025 3295 9.
1053 3238 1242 3314 taupxslugV
1268 3271 1302 3280 -

129 3325 254 3380 traditur
280 3325 376 3394 (Clam.
395 3327 440 3380 Al.
458 3327 602 3397 Hypotyp.
628 3327 703 3397 apud
729 3332 900 3400 κληροῦσθαι
922 3348 945 3383 τ.
966 3324 1097 3400 ἐπαρχίας
1113 3349 1138 3384 κ.
1158 3348 1182 3383 τ.
1200 3325 1238 3396 ot]
1264 3326 1304 3380 De

129 3413 192 3469 Eue.
213 3413 246 3468 Η.
261 3413 290 3464 Ε.
309 3412 331 3476 Ι,
345 3414 384 3467 12.
413 3413 645 3484 Chronicpasch.
659 3414 702 3470 cd.
730 3414 773 3468 his
791 3414 872 3468 rebus
885 3413 961 3467 intra
977 3414 1171 3469 nihildicitur.
1201 3417 1304 3469 Auctor

128 3499 333 3568 Bonn‚1,4oc).
364 3499 404 3553 Of.
418 3501 502 3564 Zahn,
513 3501 704 3571 Forsctunpen
730 3520 754 3556 c.
775 3504 806 3555 15
825 3503 937 3571 partem
955 3501 1045 3554 libelli
1065 3502 1216 3556 secundam
1234 3502 1303 3554 inci-

128 3587 177 3652 III,
195 3587 229 3641 68
241 3605 281 3655 sq.
318 3586 397 3639 Pitra
409 3586 531 3655 putavit,
550 3590 623 3642 hunc
635 3607 701 3658 apo·
729 3588 808 3659 piens
833 3589 932 3642 statim
960 3605 980 3642 c
1005 3591 1037 3642 16
1065 3589 1099 3642 de
1127 3588 1303 3644 ordinatione

130 3675 266 3730 stolorum
284 3673 404 3727 indicem
416 3675 596 3743 posteriorem
609 3694 702 3745 quem·
730 3677 852 3746 episcopi
870 3676 940 3745 agit.
968 3676 1104 3730 Similiter
1116 3677 1167 3738 4,2
1187 3674 1221 3729 de
1234 3673 1302 3728 dua·
1407 3698 1410 3703 ·

129 3761 194 3816 darn
214 3760 408 3831 respicientem
427 3778 467 3824 ea,
486 3779 558 3831 qnae
576 3763 702 3818 11111010-
730 3766 780 3818 bus
794 3765 846 3818 viis
858 3763 1203 3833 loquitur,posteaantem
1217 3777 1303 3815 unam

129 3851 244 3918 guntur,
257 3847 356 3902 libello
365 3848 538 3917 praefixisse;
557 3850 603 3904 sed
614 3851 702 3904 falsus
731 3854 844 3905 tanturn
864 3851 939 3905 viam
959 3849 1098 3905 describit.
1123 3880 1156 3888 -
1182 3851 1228 3904 καὶ
1246 3845 1302 3904 ἐκέ-

129 3938 185 4000 est;
211 3935 305 4006 plures
330 3934 403 3989 enim
423 3936 543 4007 apostoli
567 3935 611 3991 hic
630 3954 702 3993 com·
729 3939 835 4007 tevoevl
854 3956 916 3993 cum
941 3936 1038 4003 καθὼς
1061 3936 1167 4005 διέταξε
1190 3936 1302 3990 coniun-

130 4022 278 4078 memorati
297 4021 368 4076 nihil
383 4023 545 4093 loquuntur.
572 4023 703 4080 Harnaclr
730 4026 851 4097 gendum
870 4026 921 4079 est.
960 4027 1062 4079 Auctor
1080 4024 1178 4093 itaque
1202 4022 1232 4077 in
1251 4022 1302 4077 hoc

130 4127 162 4165 ex
175 4109 316 4166 contrario
329 4110 480 4176 contendit,
499 4112 640 4166 auctorem
657 4129 702 4166 ea·
729 4113 820 4183 capite
846 4113 915 4166 duas
940 4111 1029 4165 libelli
1054 4112 1149 4181 partes
1178 4110 1300 4164 indicat:

128 4197 258 4267 talogum
284 4213 340 4252 non
358 4196 449 4266 ipsum
469 4197 628 4263 confecisse,
655 4200 702 4254 sed
729 4200 820 4256 verbis
847 4199 953 4267 διέταξε
977 4203 1036 4254 κτλ.
1066 4199 1177 4267 partem
1206 4214 1300 4251 secun·

129 4283 234 4354 scripto
256 4283 301 4338 vel
325 4300 372 4338 ore
395 4283 533 4338 traditum
555 4286 701 4341 invenisse.
729 4288 802 4351 dam,
825 4289 853 4340 in
873 4305 929 4357 qua
947 4287 981 4340 de
1000 4285 1177 4341 ordinatione
1195 4288 1224 4340 ct
1242 4285 1300 4341 offi-

1051 4392 1092 4447 4*
