2918 4890
154 314 293 380 XXXIV
525 394 530 403 ι
598 306 879 364 Pacnncouana

155 473 291 554 priorem
300 473 409 556 itaque
421 469 615 553 aliquamdiu
632 469 810 533 antefinem
822 465 961 533 saeculil
971 468 1127 552 scriptum
1135 492 1211 534 esse.
1230 470 1331 535 Itius-

154 577 224 640 dem
244 578 419 641 sententiae
434 585 510 640 sunt
525 574 574 638 vel
591 573 779 638 Doctrinam
795 573 979 637 adscribunt
994 574 1085 636 annis
1102 574 1254 640 80—100
1279 577 1332 639 vel

156 683 227 760 120,
252 681 290 745 ad
306 703 399 765 quem
416 703 534 744 annum
545 679 692 743 nonnulli
704 678 874 761 epistulam
887 679 1054 742 Barnabae
1069 679 1220 759 referunt,
1244 682 1332 746 inter

154 784 327 850 Germanos
343 787 510 871 praecipue
525 785 586 850 Th.
602 783 692 849 Zahn
708 784 938 866 (1.80-120),
962 782 1121 863 Peterson,
1137 784 1168 850 J.
1184 785 1328 871 Langen,

152 891 279 970 Aberle,
304 891 341 955 G.
358 891 498 970 Lechler,
516 890 553 954 u.
570 889 704 968 Bickell,
720 888 836 972 quibus
852 889 1076 952 adnumeretur
1092 888 1125 954 0.
1143 889 1179 954 P.
1196 891 1329 974 Caspari

152 994 364 1059 christianiae
376 996 499 1073 docens,
516 995 644 1058 natione
653 993 828 1057 Germanus
838 1017 846 1069 ;
858 994 942 1057 inter
950 992 1059 1058 Gallos
1067 995 1102 1059 L.
1115 995 1327 1076 Massebieau,

25 1101 30 1111 “
152 1101 190 1164 E.
204 1099 372 1185 Meneg023
396 1102 480 1164 inter
503 1100 627 1184 Anglcs
644 1097 819 1178 Romestin,
845 1097 961 1162 Farrar
984 1098 1082 1178 (circa
1099 1122 1218 1164 annum
1240 1103 1326 1184 100),

152 1205 320 1289 Lightfoot
343 1208 383 1287 (a.
408 1205 583 1287 80-120),
607 1201 632 1266 Ι.
657 1201 891 1282 Wordsworth,
916 1202 949 1266 C.
965 1202 1094 1286 Spence,
1117 1205 1172 1288 qui
1195 1206 1328 1290 insuper

151 1308 328 1374 Simeonem
353 1311 534 1394 episcopum
551 1307 879 1391 Hierosolymitanum
895 1312 1055 1372 auctorem
1071 1309 1246 1392 scripturae
1271 1312 1327 1376 dc·

149 1415 270 1478 clarare
293 1419 424 1479 conatus
447 1419 511 1488 est3
535 1414 619 1477 inter
640 1413 845 1477 Americanos
864 1411 998 1492 Potwin,
1021 1413 1199 1479 Hitchcock
1224 1415 1327 1495 (haud

149 1519 260 1600 procul
288 1519 328 1582 ab
359 1539 443 1582 anno
479 1519 572 1598 100),
605 1516 664 1580 Ph.
687 1515 798 1581 Schaff
826 1515 868 1598 (a.
893 1515 1077 1601 90-100);
1109 1518 1193 1582 inter
1223 1516 1325 1584 Italos

149 1621 305 1705 uhiapelli
321 1623 355 1708 ¹).
402 1620 677 1686 commemorandi
706 1625 781 1684 sunt
803 1620 863 1685 hoc
886 1622 954 1685 loco
983 1623 1078 1686 etiam
1103 1622 1243 1702 Arnold‚
1268 1627 1326 1709 qui

149 1727 187 1791 de
206 1733 348 1812 tempore
370 1729 544 1811 scripturae
567 1726 694 1810 quidem
717 1726 864 1790 similiter
886 1727 984 1790 sentit
1006 1748 1042 1790 ac
1060 1727 1218 1791 Volkmar
1233 1751 1325 1794 eam·

148 1853 210 1915 que
240 1833 389 1895 decennio
418 1831 536 1895 saeculi
550 1828 583 1894 ΙΙ
614 1834 728 1914 quarto
759 1830 928 1908 adscribit,
961 1831 1168 1896 nihilominus
1193 1855 1263 1896 eam
1291 1841 1325 1900 et

150 1937 316 2000 Barnabae
339 1936 477 2019 epistula
499 1940 532 1999 et
553 1935 685 1998 Pastore
708 1934 846 1999 Hermae
868 1937 1005 2019 priorem
1028 1938 1147 2001 iudicat
1156 1935 1201 2023 2),
1224 1943 1325 2024 atque

147 2041 184 2104 B.
208 2040 378 2118 Warfield,
403 2041 458 2124 qui
481 2040 617 2104 formam
641 2038 812 2103 Doctrinae
835 2041 940 2104 codice
962 2041 1324 2126 Constantinopolitano

147 2144 298 2207 traditam
320 2146 358 2208 ad
383 2149 507 2227 tempus
538 2145 694 2229 posterius
718 2144 833 2223 refert,
863 2145 965 2209 altera
987 2169 1025 2211 ex
1048 2152 1139 2229 parte
1161 2169 1236 2213 vero
1258 2151 1323 2214 mi-

146 2248 230 2311 nime
253 2248 392 2327 dubitat,
425 2249 606 2313 Barnabam
636 2272 674 2313 ex
696 2249 850 2313 Doctrina
873 2250 1006 2314 duarum
1029 2253 1152 2316 viarum
1176 2253 1241 2317 iam
1263 2277 1322 2320 ex-

146 2352 277 2416 sistente
299 2353 450 2433 hausisse,
474 2377 538 2418 non
561 2356 628 2418 vice
650 2376 748 2420 versa.

232 2457 417 2522 Doctrinam
434 2460 559 2523 saeculo
574 2457 590 2522 I
606 2464 748 2538 exeunte,
771 2482 834 2523 non
850 2465 961 2542 postea
979 2466 1121 2525 exortam
1137 2485 1203 2528 esse
1219 2464 1321 2530 etiam

144 2562 282 2626 rationes
304 2563 493 2628 intrinsecae
515 2565 660 2647 probant.
706 2562 870 2648 Scriptura
893 2570 963 2629 tota
984 2568 1207 2651 antiquitatem
1229 2573 1320 2654 sapit

143 2666 323 2730 maximam.
370 2668 457 2744 Quae
471 2670 525 2763 'de
556 2668 644 2732 cultu
676 2673 708 2733 et
736 2670 963 2734 constitutione
985 2671 1133 2736 ecelesiae
1156 2673 1319 2754 dicuntur,

143 2793 179 2834 ea
202 2775 269 2834 tam
292 2773 448 2856 simplicia
471 2779 562 2850 sunt,
593 2778 630 2837 ut
657 2775 692 2836 in
716 2775 874 2839 saeculum
899 2773 937 2838 ll·
953 2775 1007 2840 vix
1030 2777 1195 2859 quadrent.
1242 2779 1319 2844 Vox

142 2874 361 2959 ἐμπλησθῆναι
391 2877 475 2956 10,1
504 2877 644 2942 indicare
673 2878 813 2959 videtur,
849 2880 1074 2945 eucharistiam
1108 2883 1211 2947 adhuc
1242 2905 1317 2950 cum

143 3000 243 3063 agape
265 2981 466 3045 coniunctam
489 2981 678 3047 celebratam
703 2984 816 3064 fuisse,
845 3007 917 3049 cum
940 2989 1024 3050 certe
1046 2986 1110 3049 iam
1134 2987 1259 3051 saeculo
1281 2987 1317 3053 Π

140 3083 285 3161 ineunte,
318 3085 345 3147 si
368 3108 431 3149 non
454 3085 560 3168 prius,
594 3087 634 3153 ab
661 3110 698 3152 ea
721 3094 866 3173 separata
889 3095 981 3153 esset.
1028 3091 1077 3155 Eo
1107 3092 1218 3172 mode,
1249 3116 1316 3177 quo

142 3192 251 3251 auctor
270 3190 319 3266 15,
334 3193 362 3268 1,
379 3191 506 3255 nonnisi
522 3192 691 3275 scriptores
708 3193 921 3277 antiquissimi
938 3195 1099 3278 episcopos
1115 3201 1148 3259 et
1163 3197 1316 3264 diaconos

139 3294 292 3374 tanquam
308 3294 470 3359 ministros
485 3297 634 3360 ecclcsiae
649 3303 906 3362 commemorant.
943 3299 1056 3364 Altera
1071 3323 1108 3365 ex
1124 3307 1215 3384 parte
1231 3325 1316 3386 quae

142 3395 193 3473 ll,
211 3395 317 3459 7-12
340 3403 372 3461 et
397 3400 446 3478 13,
466 3401 548 3464 1-7
573 3401 611 3464 de
627 3402 791 3485 prophetis
806 3404 967 3487 leguntur,
991 3405 1163 3470 difficulter
1186 3407 1225 3470 ad
1241 3431 1314 3473 sae·

139 3499 244 3563 culum
267 3497 298 3562 ll
320 3501 484 3566 referenda
506 3509 591 3572 sunt.
636 3506 773 3570 Etiamsi
797 3509 879 3572 enim
902 3511 1026 3573 saeculo
1042 3509 1074 3574 ΙΙ
1090 3512 1220 3576 ineunte
1234 3535 1313 3596 pro-

137 3604 252 3689 phetae
274 3604 439 3671 christiani
462 3610 603 3673 nondum
626 3616 830 3692 evanuerant,
853 3618 993 3677 attamen
1018 3636 1126 3678 eorum
1142 3638 1312 3683 numerum

137 3709 214 3773 satis
237 3710 386 3794 exiguum
413 3712 509 3777 fuisse
535 3718 695 3779 testantur
718 3715 861 3782 Clemens
885 3717 1066 3799 Romanus,
1099 3719 1245 3805 ignatius
1277 3731 1313 3788 et

136 3843 292 3850 ——-——---.
330 3845 344 3850 .-

207 3900 233 3970 1)
251 3900 339 3955 Tituli
363 3902 498 3958 librorum
522 3904 567 3959 vel
587 3906 761 3960 tractatuum
788 3908 824 3962 ab
848 3908 891 3962 his
912 3909 979 3964 viris
997 3912 1214 3981 compositorum
1232 3912 1312 3970 infra

134 4004 155 4040 c
174 3986 214 4040 XI
233 3988 374 4058 leguntur,

205 4076 232 4142 2)
250 4076 406 4147 Zeitaclutft
419 4080 473 4148 sar
491 4081 683 4138 Kircbearectt
703 4083 770 4138 1885
788 4103 815 4154 p.
835 4087 977 4142 407-454.
1009 4087 1049 4140 cf.
1068 4087 1198 4157 inprimis
1216 4107 1243 4158 p.
1256 4092 1309 4146 436

134 4163 235 4225 -438;
253 4164 287 4216 44
310 4195 337 4203 -
378 4207 384 4219 .

205 4250 234 4322 3)
252 4167 426 4308 Bittiotieca
444 4271 525 4310 sacra
545 4256 611 4312 1886
629 4276 656 4327 p.
677 4258 725 4312 101
745 4263 803 4314 not.
823 4262 847 4315 2.
