2918 4890
334 368 518 447 DOCTRINA
537 369 726 425 DUODEOIM
745 371 1009 427 APOSTOLORUM
1214 378 1261 443 XI

302 524 442 579 Doctrina.
919 530 1027 586 Pastor.

79 618 119 682 μὴ
155 619 248 682 χρείαν
282 617 349 680 ἔχων
386 617 503 667 δώσει
538 620 660 683 δίκην,
689 633 806 670 σουσιν
830 621 936 685 δίκην.
972 619 1000 670 Ὁ
1024 618 1078 672 οὖν
1096 626 1260 687 111611ςά-

77 706 147 753 ῖνα
173 705 206 753 τί
234 701 352 766 ἔλαβε
379 705 442 752 καὶ
471 707 525 765 εἰς
551 708 589 757 rt.
688 705 773 766 doeg
793 707 894 756 ἐστιν·
914 708 1261 775 ὡςγὰρὲλαβενπαρὰτοῦ

689 795 779 856 κυρίου
803 793 849 858 τὴν
874 795 1007 846 διακονίαν
1030 797 1144 861 τελέσαι,
1170 798 1261 860 ἁπλῶς

690 879 768 942 αὐτὴν
787 880 919 943 ἐτέλεσεν,
941 882 1023 946 μηθὲν
1041 885 1190 947 διακρίνων,
1213 887 1262 936 τίνι

690 968 723 1016 b*
801 967 806 981 ¹
835 967 849 1016 b
873 1004 880 1016 .

85 1051 255 1116 Sententia
283 1052 316 1115 in
340 1054 475 1134 utraque
498 1051 656 1134 scriptura
687 966 762 1136 eligi
781 972 936 1136 μ1661111111
960 1059 1023 1133 611;
1051 1057 1143 1139 plura
1165 1059 1261 1121 verba

84 1179 215 1241 quoque
238 1157 347 1221 eadem
370 1159 454 1253 sunt.
494 1153 607 1237 ltaque
622 1155 841 1220 verisillimum
858 1161 914 1238 611,
940 1161 1109 1244 scriptores
1126 1161 1261 1225 alterum
1340 1245 1341 1248 Ἴ

85 1261 289 1344 exscripsisse
312 1260 458 1339 alterum,
483 1263 515 1323 61
528 1259 681 1323 Doctrina
701 1261 728 1324 si
751 1261 839 1344 prior
862 1266 909 1326 ast
932 1265 1068 1347 epistula
1085 1266 1260 1344 Barnabae,

86 1368 174 1431 haud
197 1368 293 1431 dubie
316 1367 412 1430 etiam
436 1370 510 1430 ante
532 1364 670 1430 Hermae
692 1366 857 1431 Pastorem
880 1373 928 1432 cst
949 1371 1133 1452 composita.

174 1471 327 1535 Harnaclr
351 1469 477 1553 quidem
503 1470 584 1532 dixit
599 1469 642 1554 ¹),
673 1472 847 1535 sententias
879 1473 912 1535 in
941 1473 1002 1537 boc
1033 1473 1116 1538 libro
1145 1475 1261 1538 rectius

86 1576 148 1640 sibi
172 1577 336 1640 succedere
359 1597 453 1657 quam
470 1574 504 1638 in
519 1574 684 1654 Doctrina,
707 1576 753 1639 ita
769 1581 805 1640 ut
820 1577 874 1641 1116
889 1577 976 1661 prior
991 1577 1154 1641 habendus
1170 1583 1260 1642 esset.

87 1679 172 1744 Mihi
196 1683 304 1743 autem
326 1679 404 1742 haec
426 1677 508 1741 ratio
532 1699 596 1740 non
620 1678 772 1742 eiusmodi
794 1702 860 1744 6116
875 1681 1010 1759 videtur,
1034 1685 1070 1744 ut
1086 1682 1167 1745 alter
1182 1683 1262 1746 liber

87 1785 181 1848 alteri
210 1784 360 1867 postponi
390 1783 441 1846 161
474 1784 623 1865 anteponi
646 1783 755 1865 possit.
802 1784 911 1847 Etiam
935 1785 1100 1849 Barnabae
1124 1787 1261 1867 epistula

89 1889 247 1954 Doctrina
269 1889 425 1972 posterior
456 1887 615 1952 declarata
639 1893 702 1966 est,
733 1910 925 1972 quamquam
949 1889 982 1951 in
1005 1890 1064 1952 bac
1087 1891 1261 1955 sententiae

86 1994 184 2077 longe
208 1993 324 2056 rectius
346 1992 516 2075 dispositae
539 1995 614 2055 sunt
646 2014 741 2075 quam
774 1993 807 2054 in
838 1993 903 2058 illa.
949 1992 1062 2076 Neque
1083 1994 1156 2057 inde
1180 1995 1262 2059 Dos-

87 2098 209 2161 trinam
232 2120 251 2160 a
274 2096 405 2161 Pastore
434 2097 568 2179 pendere
598 2096 810 2180 colligendum
833 2101 897 2176 est,
929 2099 1012 2179 quod
1036 2102 1145 2161 auctor
1176 2099 1262 2162 illius

89 2201 167 2265 libri
190 2201 229 2265 de
252 2200 449 2283 eleemosyna
472 2200 575 2263 danda
597 2200 785 2263 sententiam
810 2201 968 2264 mitiorem
991 2202 1141 2284 proponit
1167 2224 1261 2285 quam

90 2305 239 2382 Hermas,
263 2305 318 2388 qui
340 2304 448 2368 Mand.
471 2303 513 2384 II,
531 2304 616 2367 4-6
639 2305 687 2368 bis
707 2305 854 2383 inculcat,
880 2308 916 2367 ut
931 2306 1074 2369 homines
1091 2307 1174 2384 dent,
1197 2329 1262 2370 non

90 2409 273 2474 dubitantes
298 2408 346 2471 161
370 2408 597 2486 discernentes,
628 2408 776 2471 cuidant
803 2412 858 2471 aut
879 2409 929 2472 cui
953 2431 1017 2473 non
1040 2411 1123 2476 dent.
1170 2408 1262 2473 Man-

89 2515 201 2577 datum
225 2535 289 2576 non
313 2513 415 2576 solum
439 2513 559 2591 mitius,
583 2513 636 2575 sed
661 2513 755 2576 etiam
779 2513 916 2577 severius
939 2515 1027 2577 reddi
1043 2518 1157 2597 potest.
1197 2513 1262 2578 Ne·

90 2639 153 2700 que
176 2639 214 2680 ex
238 2619 292 2695 611,
323 2639 403 2700 qnae
426 2621 561 2698 utraque
584 2617 742 2699 scriptura
765 2617 802 2680 de
824 2617 942 2682 ieiunio
966 2619 1052 2698 dicit,
1076 2619 1262 2683 Doctrinam

90 2721 223 2785 Pastore
254 2721 461 2804 posteriorem
493 2742 560 2784 6116
591 2720 735 2804 sequitur
748 2719 783 2795 ²).
829 2721 942 2786 Pastor
972 2745 1047 2786 sane
1077 2722 1111 2785 in
1144 2723 1203 2786 hac
1230 2745 1264 2786 16

91 2827 197 2888 minus
220 2829 323 2889 certus
347 2847 413 2889 6116
429 2825 554 2889 videtur
574 2848 669 2908 quam
685 2825 848 2890 Doctrina.
886 2828 973 2891 Haeo
988 2827 1072 2890 enim
1088 2827 1118 2905 8,
1140 2828 1155 2888 Ι
1175 2827 1264 2889 docet

93 2929 176 2994 feria
198 2933 313 3013 quarta
336 2935 367 2993 61
390 2934 479 2999 sexta
501 2930 706 2994 ieiunandum
729 2954 804 3010 6116,
829 2954 899 2995 cum
923 2933 956 2995 in
979 2932 1061 2995 libro
1083 2931 1140 2994 illo
1156 2933 1265 3013 pastor

92 3034 144 3098 161
167 3034 298 3118 angelus
322 3033 398 3098 Sim.
414 3034 455 3114 V,
474 3035 539 3113 1,2
563 3057 595 3098 16
611 3035 759 3119 ignorare
782 3036 875 3115 dicat,
900 3037 975 3119 quid
998 3036 1040 3098 sit
1058 3035 1164 3098 statio.
1203 3031 1263 3097 Sed

92 3138 190 3203 verba
212 3138 349 3221 pastoris
373 3138 477 3202 minus
498 3138 636 3221 probant
659 3161 755 3221 quam
770 3140 867 3203 rerba
883 3138 1028 3202 Hermae.
1067 3137 1129 3201 Hic
1144 3159 1263 3216 revera,

94 3244 134 3307 de
156 3242 294 3306 statione
316 3242 458 3325 loquens,
483 3242 576 3307 certis
600 3243 709 3307 diebus
733 3266 765 3307 16
788 3244 928 3306 ieiunare
950 3241 1066 3325 prodit,
1090 3263 1190 3324 neque
1207 3241 1265 3305 du-

91 3349 180 3411 bium
204 3350 268 3425 est,
299 3368 360 3410 non
392 3369 524 3429 paucos,
559 3348 612 3412 sed
635 3349 753 3412 multos
783 3349 833 3412 161
862 3348 1016 3433 plurimos
1046 3347 1129 3410 hanc
1151 3346 1265 3429 praxin

93 3456 218 3516 secutos
242 3474 317 3516 6116.
364 3451 508 3536 Angelus
532 3453 703 3516 stationem
725 3453 876 3537 ignorans
899 3474 963 3515 non
981 3451 1175 3515 contrarium
1191 3473 1265 3533 pro-

93 3558 164 3634 bat3
189 3555 321 3619 simulat
343 3559 470 3619 tantum
493 3577 525 3619 se
548 3577 617 3619 eam
640 3577 703 3619 non
727 3557 844 3620 habere
867 3556 1038 3641 cognitam.
1084 3553 1195 3637 Neque
1217 3554 1266 3618 di-

93 3662 226 3726 cendum
243 3663 299 3739 611,
316 3659 384 3724 fore
399 3664 436 3723 ut
451 3659 598 3740 Hermas,
622 3660 649 3723 si
665 3664 746 3724 esset
761 3660 926 3743 posterior,
950 3660 1146 3737 Doctrinam,
1170 3680 1265 3741 quam

94 3766 171 3830 abbi
194 3765 325 3828 maximi
348 3766 454 3844 ducit,
487 3765 580 3848 plura
603 3788 641 3828 ex
664 3787 700 3828 ea
723 3765 953 3844 transcribens,
982 3764 1032 3828 161
1063 3764 1169 3846 potius
1200 3763 1265 3826 eins

94 3870 281 3934 mandatnm
313 3869 351 3932 ad
374 3869 527 3933 ieiunium
558 3870 718 3952 pertinens
749 3892 877 3953 prorsus
900 3869 1084 3953 reprobasse
1107 3867 1265 3950 putandus

96 3979 185 4040 esset.
233 3974 369 4038 Hermas
401 3974 554 4039 ieiunium
584 3997 784 4058 nequaquam
816 3974 945 4037 omnino
975 3972 1179 4049 condemnat,
1212 3969 1265 4033 sed

168 4216 193 4284 l)
212 4213 315 4269 Adnot.
333 4214 370 4268 ad
390 4215 412 4278 l,
431 4215 455 4267 5.

164 4302 191 4371 2)
212 4298 253 4356 Of.
274 4301 359 4366 Zahn,
379 4301 572 4370 Forscbunqea
589 4300 638 4366 Ill,
655 4302 707 4356 316
725 4317 784 4370 sqq.
